<?xml version="1.0" encoding="UTF-8"?>
<collection xmlns='http://www.loc.gov/MARC21/slim' xmlns:xsi='http://www.w3.org/2001/XMLSchema-instance' xsi:schemaLocation='http://www.loc.gov/MARC21/slim http://www.loc.gov/standards/marcxml/schema/MARC21slim.xsd'>
	<record>
		<leader>01042nam a22002770  4500</leader>
		<controlfield tag='001'>991012097909703811</controlfield>
		<controlfield tag='008'>830927s1943    nyua          00000 eng  </controlfield>
		<datafield ind1=' ' ind2=' ' tag='010'>
			<subfield code='a'>43003305</subfield>
		</datafield>
		<datafield ind1=' ' ind2=' ' tag='035'>
			<subfield code='a'>(PPT)b12511316-01tuli_inst</subfield>
		</datafield>
		<datafield ind1=' ' ind2=' ' tag='035'>
			<subfield code='a'>ocn471186883</subfield>
			<subfield code='9'>ExL</subfield>
		</datafield>
		<datafield ind1=' ' ind2=' ' tag='035'>
			<subfield code='a'>PATG83-B30501</subfield>
		</datafield>
		<datafield ind1=' ' ind2=' ' tag='040'>
			<subfield code='c'>PPT</subfield>
			<subfield code='d'>PPT</subfield>
		</datafield>
		<datafield ind1=' ' ind2=' ' tag='079'>
			<subfield code='a'>ocm03219556</subfield>
		</datafield>
		<datafield ind1=' ' ind2=' ' tag='090'>
			<subfield code='a'>TJ175.D78</subfield>
		</datafield>
		<datafield ind1='1' ind2='0' tag='100'>
			<subfield code='a'>Dull, Charles E.</subfield>
			<subfield code='q'>(Charles Elwood),</subfield>
			<subfield code='d'>1878-1947     </subfield>
		</datafield>
		<datafield ind1='1' ind2='0' tag='245'>
			<subfield code='a'>Fundamentals of machines, a pre-induction course at the foundational level.</subfield>
			<subfield code='b'>Prepared at the request of the War department and the U. S. Office of Education in conformance with official pre-induction training course outline PIT-102</subfield>
			<subfield code='c'>[by Charles E. Dull and Ira G. Newlin]</subfield>
		</datafield>
		<datafield ind1=' ' ind2=' ' tag='260'>
			<subfield code='a'>New York,</subfield>
			<subfield code='b'>H. Holt and Company</subfield>
			<subfield code='c'>[1943]</subfield>
		</datafield>
		<datafield ind1=' ' ind2=' ' tag='300'>
			<subfield code='a'>xvi, 547 p.</subfield>
			<subfield code='b'>illus.,</subfield>
			<subfield code='c'>20 cm.</subfield>
		</datafield>
		<datafield ind1=' ' ind2='0' tag='650'>
			<subfield code='a'>Machinery.</subfield>
		</datafield>
		<datafield ind1=' ' ind2='0' tag='650'>
			<subfield code='a'>Force and energy.</subfield>
		</datafield>
		<datafield ind1='1' ind2='0' tag='700'>
			<subfield code='a'>Newlin, Ira G.</subfield>
		</datafield>
		<datafield ind1='0' ind2=' ' tag='852'>
			<subfield code='8'>22137377180003811</subfield>
			<subfield code='b'>MAIN</subfield>
			<subfield code='c'>stacks</subfield>
			<subfield code='h'>TJ175.D78</subfield>
		</datafield>
		<datafield ind1=' ' ind2=' ' tag='902'>
			<subfield code='a'>150416</subfield>
		</datafield>
		<datafield ind1=' ' ind2=' ' tag='907'>
			<subfield code='a'>.b12511316</subfield>
			<subfield code='b'>p    </subfield>
			<subfield code='c'>-</subfield>
		</datafield>
		<datafield ind1=' ' ind2=' ' tag='935'>
			<subfield code='a'>00268157</subfield>
		</datafield>
		<datafield ind1=' ' ind2=' ' tag='945'>
			<subfield code='l'>pstk </subfield>
			<subfield code='g'>1</subfield>
		</datafield>
		<datafield ind1=' ' ind2=' ' tag='950'>
			<subfield code='l'>P</subfield>
		</datafield>
		<datafield ind1=' ' ind2=' ' tag='998'>
			<subfield code='b'>1</subfield>
			<subfield code='c'>990101</subfield>
			<subfield code='d'>m</subfield>
			<subfield code='e'>a</subfield>
			<subfield code='f'>-</subfield>
			<subfield code='g'>0</subfield>
		</datafield>
		<datafield ind1=' ' ind2=' ' tag='998'>
			<subfield code='a'>03/15/84</subfield>
			<subfield code='t'>c</subfield>
			<subfield code='s'>9124</subfield>
			<subfield code='n'>PPT</subfield>
			<subfield code='w'>PATG83B30501</subfield>
			<subfield code='d'>09/27/83</subfield>
			<subfield code='b'>XXX</subfield>
			<subfield code='i'>840315</subfield>
			<subfield code='h'>830927</subfield>
			<subfield code='l'>PATG</subfield>
		</datafield>
		<datafield tag='HLD' >
		</datafield>
	</record>