
	<record>
		<leader>01590pam a22004694a 4500</leader>
		<controlfield tag='001'>991012100799703811</controlfield>
		<controlfield tag='005'>20051230090547.4</controlfield>
		<controlfield tag='008'>050713s2006    nyu      b    001 0 eng  </controlfield>
		<datafield ind1=' ' ind2=' ' tag='010'>
			<subfield code='a'>2005051796</subfield>
		</datafield>
		<datafield ind1=' ' ind2=' ' tag='020'>
			<subfield code='a'>0231131925 (alk. paper)</subfield>
		</datafield>
		<datafield ind1=' ' ind2=' ' tag='035'>
			<subfield code='a'>(PPT)b29717954-01tuli_inst</subfield>
		</datafield>
		<datafield ind1=' ' ind2=' ' tag='035'>
			<subfield code='a'>(OCoLC)ocn490862773</subfield>
			<subfield code='9'>ExL</subfield>
		</datafield>
		<datafield ind1=' ' ind2=' ' tag='035'>
			<subfield code='a'>DLCOCM61123200</subfield>
		</datafield>
		<datafield ind1=' ' ind2=' ' tag='040'>
			<subfield code='a'>DLC</subfield>
			<subfield code='c'>DLC</subfield>
			<subfield code='d'>YDX</subfield>
			<subfield code='d'>BAKER</subfield>
			<subfield code='d'>UKM</subfield>
			<subfield code='d'>C#P</subfield>
		</datafield>
		<datafield ind1='1' ind2=' ' tag='041'>
			<subfield code='a'>eng</subfield>
			<subfield code='h'>fre</subfield>
		</datafield>
		<datafield ind1=' ' ind2=' ' tag='042'>
			<subfield code='a'>pcc</subfield>
		</datafield>
		<datafield ind1=' ' ind2=' ' tag='043'>
			<subfield code='a'>e-uk-en</subfield>
		</datafield>
		<datafield ind1=' ' ind2=' ' tag='079'>
			<subfield code='a'>ocm61123200</subfield>
		</datafield>
		<datafield ind1=' ' ind2=' ' tag='090'>
			<subfield code='a'>RC622</subfield>
			<subfield code='b'>.F47613 2006</subfield>
		</datafield>
		<datafield ind1='1' ind2=' ' tag='100'>
			<subfield code='a'>Ferrières, Madeleine.</subfield>
		</datafield>
		<datafield ind1='0' ind2='0' tag='240'>
			<subfield code='a'>Histoire des peurs alimentaires</subfield>
			<subfield code='l'>English</subfield>
		</datafield>
		<datafield ind1='1' ind2='0' tag='245'>
			<subfield code='a'>Sacred cow, mad cow :</subfield>
			<subfield code='b'>a history of food fears /</subfield>
			<subfield code='c'>Madeleine Ferrières ; translated by Jody Gladding.</subfield>
		</datafield>
		<datafield ind1=' ' ind2=' ' tag='250'>
			<subfield code='a'>American ed.</subfield>
		</datafield>
		<datafield ind1=' ' ind2=' ' tag='260'>
			<subfield code='a'>New York :</subfield>
			<subfield code='b'>Columbia University Press,</subfield>
			<subfield code='c'>c2006.</subfield>
		</datafield>
		<datafield ind1=' ' ind2=' ' tag='300'>
			<subfield code='a'>xiii, 399 p. ;</subfield>
			<subfield code='c'>25 cm.</subfield>
		</datafield>
		<datafield ind1='1' ind2=' ' tag='490'>
			<subfield code='a'>Arts and traditions of the table</subfield>
		</datafield>
		<datafield ind1=' ' ind2=' ' tag='504'>
			<subfield code='a'>Includes bibliographical references (p. [355]-371) and index.</subfield>
		</datafield>
		<datafield ind1=' ' ind2=' ' tag='546'>
			<subfield code='a'>Translated from the French.</subfield>
		</datafield>
		<datafield ind1=' ' ind2='0' tag='650'>
			<subfield code='a'>Nutritionally induced diseases</subfield>
			<subfield code='z'>France</subfield>
			<subfield code='x'>History.</subfield>
		</datafield>
		<datafield ind1=' ' ind2='0' tag='650'>
			<subfield code='a'>Food habits</subfield>
			<subfield code='x'>Psychological aspects.</subfield>
		</datafield>
		<datafield ind1=' ' ind2='0' tag='650'>
			<subfield code='a'>Food</subfield>
			<subfield code='x'>Safety measures</subfield>
			<subfield code='z'>France</subfield>
			<subfield code='x'>History.</subfield>
		</datafield>
		<datafield ind1=' ' ind2='0' tag='650'>
			<subfield code='a'>Food</subfield>
			<subfield code='x'>Toxicology</subfield>
			<subfield code='z'>France</subfield>
			<subfield code='x'>History.</subfield>
		</datafield>
		<datafield ind1=' ' ind2='0' tag='650'>
			<subfield code='a'>Food adulteration and inspection</subfield>
			<subfield code='z'>France</subfield>
			<subfield code='x'>History.</subfield>
		</datafield>
		<datafield ind1=' ' ind2='0' tag='830'>
			<subfield code='a'>Arts and traditions of the table.</subfield>
		</datafield>
		<datafield ind1=' ' ind2=' ' tag='901'>
			<subfield code='a'>BNA</subfield>
		</datafield>
		<datafield ind1=' ' ind2=' ' tag='901'>
			<subfield code='a'>R6543892</subfield>
		</datafield>
		<datafield ind1=' ' ind2=' ' tag='902'>
			<subfield code='a'>161216</subfield>
		</datafield>
		<datafield ind1=' ' ind2=' ' tag='902'>
			<subfield code='a'>051230AB0701</subfield>
		</datafield>
		<datafield ind1='0' ind2='0' tag='905'>
			<subfield code='a'>Arts &amp; traditions of the table : perspectives on culinary history</subfield>
		</datafield>
		<datafield ind1=' ' ind2=' ' tag='907'>
			<subfield code='a'>.b29717954</subfield>
			<subfield code='b'>multi</subfield>
			<subfield code='c'>-</subfield>
		</datafield>
		<datafield ind1=' ' ind2=' ' tag='945'>
			<subfield code='l'>pstk </subfield>
			<subfield code='g'>1</subfield>
		</datafield>
		<datafield ind1=' ' ind2=' ' tag='945'>
			<subfield code='l'>pstk </subfield>
			<subfield code='g'>1</subfield>
		</datafield>
		<datafield ind1=' ' ind2=' ' tag='998'>
			<subfield code='b'>4</subfield>
			<subfield code='c'>060127</subfield>
			<subfield code='d'>m</subfield>
			<subfield code='e'>a</subfield>
			<subfield code='f'>-</subfield>
			<subfield code='g'>0</subfield>
		</datafield>
		<datafield tag='HLD' >
		</datafield>
	</record>