
	<record>
		<leader>01118nam a22003370  4500</leader>
		<controlfield tag='001'>991012105809703811</controlfield>
		<controlfield tag='008'>830928s1982    ncua          00100 eng  </controlfield>
		<datafield ind1=' ' ind2=' ' tag='010'>
			<subfield code='a'>82017801</subfield>
		</datafield>
		<datafield ind1=' ' ind2=' ' tag='020'>
			<subfield code='a'>0895870282 (pbk.) :</subfield>
			<subfield code='c'>$14.95</subfield>
		</datafield>
		<datafield ind1=' ' ind2=' ' tag='035'>
			<subfield code='a'>(PPT)b12512862-01tuli_inst</subfield>
		</datafield>
		<datafield ind1=' ' ind2=' ' tag='035'>
			<subfield code='a'>ocn471187049</subfield>
			<subfield code='9'>ExL</subfield>
		</datafield>
		<datafield ind1=' ' ind2=' ' tag='035'>
			<subfield code='a'>PATG83-B30672</subfield>
		</datafield>
		<datafield ind1=' ' ind2=' ' tag='043'>
			<subfield code='a'>n-use--</subfield>
			<subfield code='a'>n-usu--</subfield>
		</datafield>
		<datafield ind1=' ' ind2=' ' tag='079'>
			<subfield code='a'>ocm08806397</subfield>
		</datafield>
		<datafield ind1=' ' ind2=' ' tag='090'>
			<subfield code='a'>SB473.P43 1982</subfield>
		</datafield>
		<datafield ind1='1' ind2='0' tag='100'>
			<subfield code='a'>Penn, Cordelia.</subfield>
		</datafield>
		<datafield ind1='1' ind2='0' tag='245'>
			<subfield code='a'>Landscaping with native plants /</subfield>
			<subfield code='c'>by Cordelia Penn ; drawings by Dorothy S. Wilbur.</subfield>
		</datafield>
		<datafield ind1=' ' ind2=' ' tag='260'>
			<subfield code='a'>Winston-Salem, N.C. :</subfield>
			<subfield code='b'>J.F. Blair,</subfield>
			<subfield code='c'>c1982.</subfield>
		</datafield>
		<datafield ind1=' ' ind2=' ' tag='300'>
			<subfield code='a'>ix, 226 p. :</subfield>
			<subfield code='b'>ill. ;</subfield>
			<subfield code='c'>16 x 23 cm.</subfield>
		</datafield>
		<datafield ind1=' ' ind2=' ' tag='500'>
			<subfield code='a'>Includes index.</subfield>
		</datafield>
		<datafield ind1=' ' ind2='0' tag='650'>
			<subfield code='a'>Landscape gardening</subfield>
			<subfield code='z'>Northeastern States.</subfield>
		</datafield>
		<datafield ind1=' ' ind2='0' tag='650'>
			<subfield code='a'>Landscape gardening</subfield>
			<subfield code='z'>Southern States.</subfield>
		</datafield>
		<datafield ind1=' ' ind2='0' tag='650'>
			<subfield code='a'>Wild flower gardening</subfield>
			<subfield code='z'>Northeastern States.</subfield>
		</datafield>
		<datafield ind1=' ' ind2='0' tag='650'>
			<subfield code='a'>Wild flower gardening</subfield>
			<subfield code='z'>Southern States.</subfield>
		</datafield>
		<datafield ind1='0' ind2=' ' tag='852'>
			<subfield code='8'>22138534190003811</subfield>
			<subfield code='b'>AMBLER</subfield>
			<subfield code='c'>stacks</subfield>
			<subfield code='h'>SB473.P43 1982</subfield>
		</datafield>
		<datafield ind1=' ' ind2=' ' tag='902'>
			<subfield code='a'>130710</subfield>
		</datafield>
		<datafield ind1=' ' ind2=' ' tag='907'>
			<subfield code='a'>.b12512862</subfield>
			<subfield code='b'>a    </subfield>
			<subfield code='c'>-</subfield>
		</datafield>
		<datafield ind1=' ' ind2=' ' tag='935'>
			<subfield code='a'>00268322</subfield>
		</datafield>
		<datafield ind1=' ' ind2=' ' tag='945'>
			<subfield code='l'>astk </subfield>
			<subfield code='g'>1</subfield>
		</datafield>
		<datafield ind1=' ' ind2=' ' tag='945'>
			<subfield code='l'>astk </subfield>
			<subfield code='g'>1</subfield>
		</datafield>
		<datafield ind1=' ' ind2=' ' tag='950'>
			<subfield code='l'>AMB</subfield>
			<subfield code='i'>09/28/83 C</subfield>
		</datafield>
		<datafield ind1=' ' ind2=' ' tag='955'>
			<subfield code='l'>AMB</subfield>
			<subfield code='i'>09/28/83 C</subfield>
		</datafield>
		<datafield ind1=' ' ind2=' ' tag='998'>
			<subfield code='b'>2</subfield>
			<subfield code='c'>990101</subfield>
			<subfield code='d'>m</subfield>
			<subfield code='e'>a</subfield>
			<subfield code='f'>-</subfield>
			<subfield code='g'>0</subfield>
		</datafield>
		<datafield ind1=' ' ind2=' ' tag='998'>
			<subfield code='a'>09/28/83</subfield>
			<subfield code='t'>c</subfield>
			<subfield code='s'>9110</subfield>
			<subfield code='n'>PPT</subfield>
			<subfield code='w'>DCLC8217801B</subfield>
			<subfield code='d'>09/28/83</subfield>
			<subfield code='c'>MW</subfield>
			<subfield code='b'>BK</subfield>
			<subfield code='i'>830928</subfield>
			<subfield code='l'>PATG</subfield>
		</datafield>
		<datafield tag='HLD' >
		</datafield>
	</record>