
	<record>
		<leader>01026nam a2200313 a 4500</leader>
		<controlfield tag='001'>991012111829703811</controlfield>
		<controlfield tag='005'>20060105063502.0</controlfield>
		<controlfield tag='008'>030723s2003    nyu      b    001 0 eng  </controlfield>
		<datafield ind1=' ' ind2=' ' tag='010'>
			<subfield code='a'>2003005640</subfield>
		</datafield>
		<datafield ind1=' ' ind2=' ' tag='020'>
			<subfield code='a'>0826414737</subfield>
		</datafield>
		<datafield ind1=' ' ind2=' ' tag='035'>
			<subfield code='a'>(PPT)b29720539-01tuli_inst</subfield>
		</datafield>
		<datafield ind1=' ' ind2=' ' tag='035'>
			<subfield code='a'>(CStRLIN)ocn490863790</subfield>
			<subfield code='9'>ExL</subfield>
		</datafield>
		<datafield ind1=' ' ind2=' ' tag='035'>
			<subfield code='a'>PPTb29720539</subfield>
		</datafield>
		<datafield ind1=' ' ind2=' ' tag='040'>
			<subfield code='a'>DLC</subfield>
			<subfield code='c'>DLC</subfield>
			<subfield code='d'>DLC</subfield>
			<subfield code='d'>NjNbS</subfield>
		</datafield>
		<datafield ind1=' ' ind2=' ' tag='042'>
			<subfield code='a'>pcc</subfield>
		</datafield>
		<datafield ind1=' ' ind2=' ' tag='079'>
			<subfield code='a'>ocm51898851</subfield>
		</datafield>
		<datafield ind1=' ' ind2=' ' tag='090'>
			<subfield code='a'>BT613</subfield>
			<subfield code='b'>.J65 2003</subfield>
		</datafield>
		<datafield ind1='1' ind2=' ' tag='100'>
			<subfield code='a'>Johnson, Elizabeth A.,</subfield>
			<subfield code='d'>1941-</subfield>
		</datafield>
		<datafield ind1='1' ind2='0' tag='245'>
			<subfield code='a'>Truly our sister :</subfield>
			<subfield code='b'>a theology of Mary in the communion of saints /</subfield>
			<subfield code='c'>Elizabeth A. Johnson.</subfield>
		</datafield>
		<datafield ind1=' ' ind2=' ' tag='260'>
			<subfield code='a'>New York :</subfield>
			<subfield code='b'>Continuum,</subfield>
			<subfield code='c'>2003.</subfield>
		</datafield>
		<datafield ind1=' ' ind2=' ' tag='300'>
			<subfield code='a'>xvii, 379 p. ;</subfield>
			<subfield code='c'>24 cm.</subfield>
		</datafield>
		<datafield ind1=' ' ind2=' ' tag='504'>
			<subfield code='a'>Includes bibliographical references (p. 326-369) and indexes.</subfield>
		</datafield>
		<datafield ind1='0' ind2='0' tag='600'>
			<subfield code='a'>Mary,</subfield>
			<subfield code='c'>Blessed Virgin, Saint</subfield>
			<subfield code='x'>Theology.</subfield>
		</datafield>
		<datafield ind1='2' ind2='0' tag='610'>
			<subfield code='a'>Catholic Church</subfield>
			<subfield code='x'>Doctrines.</subfield>
		</datafield>
		<datafield ind1=' ' ind2=' ' tag='902'>
			<subfield code='a'>110512</subfield>
		</datafield>
		<datafield ind1=' ' ind2=' ' tag='907'>
			<subfield code='a'>.b29720539</subfield>
			<subfield code='b'>p    </subfield>
			<subfield code='c'>-</subfield>
		</datafield>
		<datafield ind1=' ' ind2=' ' tag='945'>
			<subfield code='l'>pstk </subfield>
			<subfield code='g'>1</subfield>
		</datafield>
		<datafield ind1=' ' ind2=' ' tag='952'>
			<subfield code='a'>DCLC2003005640-B</subfield>
			<subfield code='b'>Library of Congress</subfield>
			<subfield code='d'>URI</subfield>
			<subfield code='h'>Core</subfield>
			<subfield code='i'>LCC</subfield>
			<subfield code='k'>DDC</subfield>
			<subfield code='n'>DLC</subfield>
			<subfield code='p'>PCC</subfield>
			<subfield code='r'>CAT</subfield>
			<subfield code='u'>20040320</subfield>
		</datafield>
		<datafield ind1=' ' ind2=' ' tag='998'>
			<subfield code='b'>0</subfield>
			<subfield code='c'>060407</subfield>
			<subfield code='d'>m</subfield>
			<subfield code='e'>a</subfield>
			<subfield code='f'>-</subfield>
			<subfield code='g'>0</subfield>
		</datafield>
		<datafield ind1=' ' ind2=' ' tag='998'>
			<subfield code='a'>04/07/06</subfield>
			<subfield code='s'>LC</subfield>
			<subfield code='c'>AT</subfield>
		</datafield>
		<datafield tag='HLD' >
		</datafield>
	</record>