
	<record>
		<leader>00952nam a2200241 a 4500</leader>
		<controlfield tag='001'>991012113309703811</controlfield>
		<controlfield tag='005'>20060105073233.0</controlfield>
		<controlfield tag='008'>060105s1878    mau      w    000 0 eng  </controlfield>
		<datafield ind1=' ' ind2=' ' tag='010'>
			<subfield code='a'>80115370</subfield>
		</datafield>
		<datafield ind1=' ' ind2=' ' tag='035'>
			<subfield code='a'>(PPT)b29720801-01tuli_inst</subfield>
		</datafield>
		<datafield ind1=' ' ind2=' ' tag='035'>
			<subfield code='a'>PATL06-B55</subfield>
		</datafield>
		<datafield ind1=' ' ind2=' ' tag='043'>
			<subfield code='a'>n-us-ma</subfield>
		</datafield>
		<datafield ind1=' ' ind2=' ' tag='099'>
			<subfield code='a'>R58.Z93</subfield>
			<subfield code='b'>W67 1878</subfield>
		</datafield>
		<datafield ind1='1' ind2=' ' tag='100'>
			<subfield code='a'>Williams, George Fred,</subfield>
			<subfield code='d'>1852-1932.</subfield>
		</datafield>
		<datafield ind1='1' ind2='0' tag='245'>
			<subfield code='a'>Massachusetts citations :</subfield>
			<subfield code='b'>a table of cases, overruled, denied, doubted, criticised, approved, and cited by the Supreme Judicial Court : also, a list of legal maxims and of errors in citation found in the opinions of the court, from Quincy to 122 Mass. /</subfield>
			<subfield code='c'>by Geo. Fred. Williams.</subfield>
		</datafield>
		<datafield ind1=' ' ind2=' ' tag='260'>
			<subfield code='a'>Boston, MA :</subfield>
			<subfield code='b'>Little, Brown,</subfield>
			<subfield code='c'>1878.</subfield>
		</datafield>
		<datafield ind1=' ' ind2=' ' tag='300'>
			<subfield code='a'>vi, 707 p. ;</subfield>
			<subfield code='c'>27 cm.</subfield>
		</datafield>
		<datafield ind1=' ' ind2='0' tag='650'>
			<subfield code='a'>Annotations and citations (Law)</subfield>
			<subfield code='z'>Massachusetts.</subfield>
		</datafield>
		<datafield ind1=' ' ind2='1' tag='901'>
			<subfield code='a'>R58.Z93</subfield>
			<subfield code='b'>W67 1878</subfield>
			<subfield code='l'>lstk</subfield>
			<subfield code='t'>051</subfield>
			<subfield code='s'>o</subfield>
			<subfield code='z'>090</subfield>
		</datafield>
		<datafield ind1=' ' ind2=' ' tag='902'>
			<subfield code='a'>160818</subfield>
		</datafield>
		<datafield ind1=' ' ind2=' ' tag='907'>
			<subfield code='a'>.b29720801</subfield>
			<subfield code='b'>l    </subfield>
			<subfield code='c'>-</subfield>
		</datafield>
		<datafield ind1=' ' ind2=' ' tag='945'>
			<subfield code='l'>lstk </subfield>
			<subfield code='g'>1</subfield>
		</datafield>
		<datafield ind1=' ' ind2=' ' tag='998'>
			<subfield code='b'>1</subfield>
			<subfield code='c'>060105</subfield>
			<subfield code='d'>m</subfield>
			<subfield code='e'>a</subfield>
			<subfield code='f'>-</subfield>
			<subfield code='g'>0</subfield>
		</datafield>
		<datafield ind1=' ' ind2=' ' tag='998'>
			<subfield code='b'>1</subfield>
			<subfield code='c'>060105</subfield>
			<subfield code='d'>m</subfield>
			<subfield code='e'>a</subfield>
			<subfield code='f'>-</subfield>
			<subfield code='g'>0</subfield>
		</datafield>
		<datafield tag='HLD' >
		</datafield>
	</record>