
	<record>
		<leader>01331cam a2200373 a 4500</leader>
		<controlfield tag='001'>991012124009703811</controlfield>
		<controlfield tag='005'>20060106130700.0</controlfield>
		<controlfield tag='008'>030103s2004    pauaf    b    001 0 eng  </controlfield>
		<datafield ind1=' ' ind2=' ' tag='010'>
			<subfield code='a'>2003041530</subfield>
		</datafield>
		<datafield ind1=' ' ind2=' ' tag='020'>
			<subfield code='a'>0721681549</subfield>
		</datafield>
		<datafield ind1=' ' ind2=' ' tag='035'>
			<subfield code='a'>(PPT)b29723693-01tuli_inst</subfield>
		</datafield>
		<datafield ind1=' ' ind2=' ' tag='035'>
			<subfield code='a'>ocn490864790</subfield>
			<subfield code='9'>ExL</subfield>
		</datafield>
		<datafield ind1=' ' ind2=' ' tag='035'>
			<subfield code='a'>PPTb29723693</subfield>
		</datafield>
		<datafield ind1=' ' ind2=' ' tag='040'>
			<subfield code='a'>DNLM/DLC</subfield>
			<subfield code='c'>DLC</subfield>
			<subfield code='d'>CtY-M</subfield>
		</datafield>
		<datafield ind1=' ' ind2=' ' tag='042'>
			<subfield code='a'>pcc</subfield>
		</datafield>
		<datafield ind1=' ' ind2=' ' tag='079'>
			<subfield code='a'>ocm51336837</subfield>
		</datafield>
		<datafield ind1=' ' ind2=' ' tag='090'>
			<subfield code='a'>RC386.6.N48</subfield>
			<subfield code='b'>P75 2004</subfield>
		</datafield>
		<datafield ind1='0' ind2='0' tag='245'>
			<subfield code='a'>Principles and practice of behavioral neurology and neuropsychology /</subfield>
			<subfield code='c'>edited by Matthew Rizzo, Paul J. Eslinger ; foreword by Arthur Benton.</subfield>
		</datafield>
		<datafield ind1=' ' ind2=' ' tag='260'>
			<subfield code='a'>Philadelphia, Pa. :</subfield>
			<subfield code='b'>Saunders,</subfield>
			<subfield code='c'>c2004.</subfield>
		</datafield>
		<datafield ind1=' ' ind2=' ' tag='300'>
			<subfield code='a'>xxi, 1168 p., 12 p. of plates :</subfield>
			<subfield code='b'>ill. (some col.) ;</subfield>
			<subfield code='c'>29 cm.</subfield>
		</datafield>
		<datafield ind1=' ' ind2=' ' tag='504'>
			<subfield code='a'>Includes bibliographical references and index.</subfield>
		</datafield>
		<datafield ind1=' ' ind2='0' tag='650'>
			<subfield code='a'>Clinical neuropsychology.</subfield>
		</datafield>
		<datafield ind1='1' ind2='2' tag='650'>
			<subfield code='a'>Brain Diseases</subfield>
			<subfield code='x'>diagnosis.</subfield>
		</datafield>
		<datafield ind1='1' ind2='2' tag='650'>
			<subfield code='a'>Neurobehavioral Manifestations.</subfield>
		</datafield>
		<datafield ind1='2' ind2='2' tag='650'>
			<subfield code='a'>Cognition Disorders</subfield>
			<subfield code='x'>diagnosis.</subfield>
		</datafield>
		<datafield ind1='2' ind2='2' tag='650'>
			<subfield code='a'>Forensic Psychiatry</subfield>
			<subfield code='x'>methods.</subfield>
		</datafield>
		<datafield ind1='2' ind2='2' tag='650'>
			<subfield code='a'>Neurologic Examination</subfield>
			<subfield code='x'>methods.</subfield>
		</datafield>
		<datafield ind1='2' ind2='2' tag='650'>
			<subfield code='a'>Neuropsychology</subfield>
			<subfield code='x'>methods.</subfield>
		</datafield>
		<datafield ind1='1' ind2=' ' tag='700'>
			<subfield code='a'>Rizzo, Matthew.</subfield>
		</datafield>
		<datafield ind1='1' ind2=' ' tag='700'>
			<subfield code='a'>Eslinger, Paul J.</subfield>
		</datafield>
		<datafield ind1=' ' ind2=' ' tag='902'>
			<subfield code='a'>110512</subfield>
		</datafield>
		<datafield ind1=' ' ind2=' ' tag='907'>
			<subfield code='a'>.b29723693</subfield>
			<subfield code='b'>p    </subfield>
			<subfield code='c'>-</subfield>
		</datafield>
		<datafield ind1=' ' ind2=' ' tag='945'>
			<subfield code='l'>pstk </subfield>
			<subfield code='g'>1</subfield>
		</datafield>
		<datafield ind1=' ' ind2=' ' tag='952'>
			<subfield code='a'>DCLC2003041530-B</subfield>
			<subfield code='b'>Library of Congress</subfield>
			<subfield code='h'>Core</subfield>
			<subfield code='i'>LCC</subfield>
			<subfield code='j'>NLM</subfield>
			<subfield code='k'>DDC</subfield>
			<subfield code='n'>DLC</subfield>
			<subfield code='p'>PCC</subfield>
			<subfield code='r'>CAT</subfield>
			<subfield code='u'>20040306</subfield>
		</datafield>
		<datafield ind1=' ' ind2=' ' tag='998'>
			<subfield code='b'>0</subfield>
			<subfield code='c'>060315</subfield>
			<subfield code='d'>m</subfield>
			<subfield code='e'>a</subfield>
			<subfield code='f'>-</subfield>
			<subfield code='g'>0</subfield>
		</datafield>
		<datafield ind1=' ' ind2=' ' tag='998'>
			<subfield code='a'>03/15/06</subfield>
			<subfield code='s'>LC</subfield>
			<subfield code='c'>AT</subfield>
		</datafield>
		<datafield tag='HLD' >
		</datafield>
	</record>