
	<record>
		<leader>00912cam a2200241ua 4500</leader>
		<controlfield tag='001'>991012125519703811</controlfield>
		<controlfield tag='005'>19990902181103.0</controlfield>
		<controlfield tag='008'>950801c1987    nyu     r    u00000 engsd</controlfield>
		<datafield ind1=' ' ind2=' ' tag='035'>
			<subfield code='a'>(PPT)b21045124-01tuli_inst</subfield>
		</datafield>
		<datafield ind1=' ' ind2=' ' tag='035'>
			<subfield code='a'>30713366</subfield>
			<subfield code='9'>ExL</subfield>
		</datafield>
		<datafield ind1=' ' ind2=' ' tag='040'>
			<subfield code='c'>Charles E. Krausz Library</subfield>
		</datafield>
		<datafield ind1=' ' ind2=' ' tag='049'>
			<subfield code='a'>VHS</subfield>
			<subfield code='d'>19950801</subfield>
			<subfield code='v'>1</subfield>
		</datafield>
		<datafield ind1=' ' ind2=' ' tag='096'>
			<subfield code='a'>QS4 L58 1987</subfield>
		</datafield>
		<datafield ind1='1' ind2='0' tag='245'>
			<subfield code='a'>Lower extremity.</subfield>
		</datafield>
		<datafield ind1=' ' ind2=' ' tag='260'>
			<subfield code='b'>Teaching Films AGC Educational Media (Altschul Group Corp.)</subfield>
			<subfield code='c'>1987</subfield>
		</datafield>
		<datafield ind1=' ' ind2=' ' tag='300'>
			<subfield code='a'>1 videocassette : 28 min.</subfield>
		</datafield>
		<datafield ind1=' ' ind2='4' tag='440'>
			<subfield code='a'>The Basic Human Anatomy Series</subfield>
		</datafield>
		<datafield ind1=' ' ind2=' ' tag='500'>
			<subfield code='a'>Surveys the musculoskeletal anatomy of the back, pelvic girdle and lower limb.  Demonstrations show the joints and muscles with emphasis on functional anatomy.  Surface anatomy is displayed on a live model.</subfield>
		</datafield>
		<datafield ind1=' ' ind2='2' tag='650'>
			<subfield code='a'>Anatomy, Regional.</subfield>
		</datafield>
		<datafield ind1=' ' ind2='2' tag='650'>
			<subfield code='a'>LEG--ANATOMY AND HISTOLOGY--VIDEOCASSETTES.</subfield>
		</datafield>
		<datafield ind1='2' ind2=' ' tag='852'>
			<subfield code='8'>22102430950003811</subfield>
			<subfield code='b'>PODIATRY</subfield>
			<subfield code='c'>stacks</subfield>
			<subfield code='h'>QS4 L58 1987</subfield>
		</datafield>
		<datafield ind1=' ' ind2=' ' tag='902'>
			<subfield code='a'>160422</subfield>
		</datafield>
		<datafield ind1=' ' ind2=' ' tag='907'>
			<subfield code='a'>.b21045124</subfield>
			<subfield code='b'>hp   </subfield>
			<subfield code='c'>n</subfield>
		</datafield>
		<datafield ind1=' ' ind2=' ' tag='935'>
			<subfield code='a'>(CD )30713366</subfield>
		</datafield>
		<datafield ind1=' ' ind2=' ' tag='945'>
			<subfield code='l'>hpbst</subfield>
			<subfield code='g'>1</subfield>
		</datafield>
		<datafield ind1=' ' ind2=' ' tag='998'>
			<subfield code='b'>1</subfield>
			<subfield code='c'>000101</subfield>
			<subfield code='d'>m</subfield>
			<subfield code='e'>a</subfield>
			<subfield code='f'>n</subfield>
			<subfield code='g'>0</subfield>
		</datafield>
		<datafield tag='HLD' >
		</datafield>
	</record>