
	<record>
		<leader>01047cam a2200337 a 4500</leader>
		<controlfield tag='001'>991012126899703811</controlfield>
		<controlfield tag='005'>20060106144528.0</controlfield>
		<controlfield tag='008'>050314s2005    flu      bf   001 0 eng  </controlfield>
		<datafield ind1=' ' ind2=' ' tag='010'>
			<subfield code='a'>2005041803</subfield>
		</datafield>
		<datafield ind1=' ' ind2=' ' tag='020'>
			<subfield code='a'>0824758269 (alk. paper)</subfield>
		</datafield>
		<datafield ind1=' ' ind2=' ' tag='035'>
			<subfield code='a'>(PPT)b29724363-01tuli_inst</subfield>
		</datafield>
		<datafield ind1=' ' ind2=' ' tag='035'>
			<subfield code='a'>(CStRLIN)ocn490865109</subfield>
			<subfield code='9'>ExL</subfield>
		</datafield>
		<datafield ind1=' ' ind2=' ' tag='035'>
			<subfield code='a'>PPTb29724363 </subfield>
		</datafield>
		<datafield ind1=' ' ind2=' ' tag='040'>
			<subfield code='a'>DNLM/DLC</subfield>
			<subfield code='c'>DLC</subfield>
		</datafield>
		<datafield ind1=' ' ind2=' ' tag='042'>
			<subfield code='a'>pcc</subfield>
		</datafield>
		<datafield ind1=' ' ind2=' ' tag='079'>
			<subfield code='a'>ocm58533790</subfield>
		</datafield>
		<datafield ind1=' ' ind2=' ' tag='090'>
			<subfield code='a'>RC556</subfield>
			<subfield code='b'>.H358 2005</subfield>
		</datafield>
		<datafield ind1='0' ind2='0' tag='245'>
			<subfield code='a'>Handbook of sexual dysfunction /</subfield>
			<subfield code='c'>edited by Richard Balon, R. Taylor Segraves.</subfield>
		</datafield>
		<datafield ind1=' ' ind2=' ' tag='260'>
			<subfield code='a'>Boca Raton :</subfield>
			<subfield code='b'>Taylor &amp; Francis,</subfield>
			<subfield code='c'>2005.</subfield>
		</datafield>
		<datafield ind1=' ' ind2=' ' tag='300'>
			<subfield code='a'>x, 339 p. ;</subfield>
			<subfield code='c'>24 cm.</subfield>
		</datafield>
		<datafield ind1=' ' ind2='0' tag='440'>
			<subfield code='a'>Medical psychiatry ;</subfield>
			<subfield code='v'>30.</subfield>
		</datafield>
		<datafield ind1=' ' ind2=' ' tag='504'>
			<subfield code='a'>Includes bibliographical references and index.</subfield>
		</datafield>
		<datafield ind1=' ' ind2='0' tag='650'>
			<subfield code='a'>Sexual disorders</subfield>
			<subfield code='v'>Handbooks, manuals, etc.</subfield>
		</datafield>
		<datafield ind1='1' ind2='2' tag='650'>
			<subfield code='a'>Sexual Dysfunction, Physiological.</subfield>
		</datafield>
		<datafield ind1='1' ind2='2' tag='650'>
			<subfield code='a'>Sexual Dysfunctions, Psychological.</subfield>
		</datafield>
		<datafield ind1='1' ind2=' ' tag='700'>
			<subfield code='a'>Balon, Richard.</subfield>
		</datafield>
		<datafield ind1='1' ind2=' ' tag='700'>
			<subfield code='a'>Segraves, R. Taylor,</subfield>
			<subfield code='d'>1941-</subfield>
		</datafield>
		<datafield ind1=' ' ind2=' ' tag='902'>
			<subfield code='a'>110512</subfield>
		</datafield>
		<datafield ind1=' ' ind2=' ' tag='907'>
			<subfield code='a'>.b29724363</subfield>
			<subfield code='b'>p    </subfield>
			<subfield code='c'>-</subfield>
		</datafield>
		<datafield ind1=' ' ind2=' ' tag='945'>
			<subfield code='l'>pstk </subfield>
			<subfield code='g'>1</subfield>
		</datafield>
		<datafield ind1=' ' ind2=' ' tag='998'>
			<subfield code='b'>0</subfield>
			<subfield code='c'>060324</subfield>
			<subfield code='d'>m</subfield>
			<subfield code='e'>a</subfield>
			<subfield code='f'>-</subfield>
			<subfield code='g'>0</subfield>
		</datafield>
		<datafield ind1=' ' ind2=' ' tag='998'>
			<subfield code='a'>03/24/06</subfield>
			<subfield code='s'>LC</subfield>
			<subfield code='c'>AT</subfield>
		</datafield>
		<datafield tag='HLD' >
		</datafield>
	</record>