
	<record>
		<leader>00798cam a2200277ua 4500</leader>
		<controlfield tag='001'>991012127879703811</controlfield>
		<controlfield tag='005'>19990902181103.0</controlfield>
		<controlfield tag='008'>961021c1994    nyu     r    u000 0 engsd</controlfield>
		<datafield ind1=' ' ind2=' ' tag='020'>
			<subfield code='a'>0-86793-305-4</subfield>
		</datafield>
		<datafield ind1=' ' ind2=' ' tag='035'>
			<subfield code='a'>(PPT)b21045641-01tuli_inst</subfield>
		</datafield>
		<datafield ind1=' ' ind2=' ' tag='035'>
			<subfield code='a'>30713491</subfield>
			<subfield code='9'>ExL</subfield>
		</datafield>
		<datafield ind1=' ' ind2=' ' tag='040'>
			<subfield code='c'>Charles E. Krausz Library</subfield>
		</datafield>
		<datafield ind1=' ' ind2=' ' tag='049'>
			<subfield code='d'>19961021</subfield>
			<subfield code='v'>1</subfield>
		</datafield>
		<datafield ind1=' ' ind2=' ' tag='096'>
			<subfield code='a'>WE103 B45 1994</subfield>
		</datafield>
		<datafield ind1='1' ind2=' ' tag='100'>
			<subfield code='a'>Bloomfield, John.</subfield>
		</datafield>
		<datafield ind1='1' ind2='0' tag='245'>
			<subfield code='a'>Applied anatomy and biomechanics in sport.</subfield>
			<subfield code='c'>Bloomfield, John</subfield>
		</datafield>
		<datafield ind1=' ' ind2=' ' tag='260'>
			<subfield code='b'>Blackwell Scientific Publications</subfield>
			<subfield code='c'>1994</subfield>
		</datafield>
		<datafield ind1=' ' ind2=' ' tag='300'>
			<subfield code='a'>xvi; 374 p.; ill.</subfield>
		</datafield>
		<datafield ind1=' ' ind2='2' tag='650'>
			<subfield code='a'>Biomechanics.</subfield>
		</datafield>
		<datafield ind1=' ' ind2='2' tag='650'>
			<subfield code='a'>ANATOMY, APPLIED.</subfield>
		</datafield>
		<datafield ind1=' ' ind2='2' tag='650'>
			<subfield code='a'>Sports Medicine.</subfield>
		</datafield>
		<datafield ind1='1' ind2=' ' tag='700'>
			<subfield code='a'>Ackland, Timothy R.,</subfield>
			<subfield code='d'>1958-</subfield>
		</datafield>
		<datafield ind1='1' ind2=' ' tag='700'>
			<subfield code='a'>Elliott, Bruce,</subfield>
			<subfield code='d'>1945-</subfield>
		</datafield>
		<datafield ind1='2' ind2=' ' tag='852'>
			<subfield code='8'>22102100080003811</subfield>
			<subfield code='b'>PODIATRY</subfield>
			<subfield code='c'>stacks</subfield>
			<subfield code='h'>WE103 B45 1994</subfield>
		</datafield>
		<datafield ind1=' ' ind2=' ' tag='902'>
			<subfield code='a'>060317</subfield>
		</datafield>
		<datafield ind1=' ' ind2=' ' tag='907'>
			<subfield code='a'>.b21045641</subfield>
			<subfield code='b'>hp   </subfield>
			<subfield code='c'>-</subfield>
		</datafield>
		<datafield ind1=' ' ind2=' ' tag='935'>
			<subfield code='a'>(CD )30713491</subfield>
		</datafield>
		<datafield ind1=' ' ind2=' ' tag='945'>
			<subfield code='l'>hpbst</subfield>
			<subfield code='g'>1</subfield>
		</datafield>
		<datafield ind1=' ' ind2=' ' tag='998'>
			<subfield code='b'>1</subfield>
			<subfield code='c'>000101</subfield>
			<subfield code='d'>m</subfield>
			<subfield code='e'>a</subfield>
			<subfield code='f'>-</subfield>
			<subfield code='g'>0</subfield>
		</datafield>
		<datafield tag='HLD' >
		</datafield>
	</record>