
	<record>
		<leader>01096nam a22003610  4500</leader>
		<controlfield tag='001'>991012129879703811</controlfield>
		<controlfield tag='008'>831003s1981    cauc          00010aeng  </controlfield>
		<datafield ind1=' ' ind2=' ' tag='010'>
			<subfield code='a'>81002177</subfield>
		</datafield>
		<datafield ind1=' ' ind2=' ' tag='020'>
			<subfield code='a'>0917342852 :</subfield>
			<subfield code='c'>$15.00</subfield>
		</datafield>
		<datafield ind1=' ' ind2=' ' tag='020'>
			<subfield code='a'>0917342771 (pbk.) :</subfield>
			<subfield code='c'>$5.95</subfield>
		</datafield>
		<datafield ind1=' ' ind2=' ' tag='035'>
			<subfield code='a'>(PPT)b12518025-01tuli_inst</subfield>
		</datafield>
		<datafield ind1=' ' ind2=' ' tag='035'>
			<subfield code='a'>ocn471187558</subfield>
			<subfield code='9'>ExL</subfield>
		</datafield>
		<datafield ind1=' ' ind2=' ' tag='035'>
			<subfield code='a'>PATG83-B31325</subfield>
		</datafield>
		<datafield ind1=' ' ind2=' ' tag='040'>
			<subfield code='d'>PPT</subfield>
		</datafield>
		<datafield ind1=' ' ind2=' ' tag='043'>
			<subfield code='a'>n-us---</subfield>
		</datafield>
		<datafield ind1=' ' ind2=' ' tag='079'>
			<subfield code='a'>ocm07276762</subfield>
		</datafield>
		<datafield ind1=' ' ind2=' ' tag='090'>
			<subfield code='a'>HQ75.8.B68A34</subfield>
		</datafield>
		<datafield ind1='1' ind2='0' tag='100'>
			<subfield code='a'>Boyd, Malcolm,</subfield>
			<subfield code='d'>1923-</subfield>
		</datafield>
		<datafield ind1='1' ind2='0' tag='245'>
			<subfield code='a'>Look back in joy :</subfield>
			<subfield code='b'>celebration of gay lovers /</subfield>
			<subfield code='c'>Malcolm Boyd.</subfield>
		</datafield>
		<datafield ind1=' ' ind2=' ' tag='250'>
			<subfield code='a'>1st ed.</subfield>
		</datafield>
		<datafield ind1=' ' ind2=' ' tag='260'>
			<subfield code='a'>San Francisco :</subfield>
			<subfield code='b'>Gay Sunshine Press,</subfield>
			<subfield code='c'>1981.</subfield>
		</datafield>
		<datafield ind1=' ' ind2=' ' tag='300'>
			<subfield code='a'>127 p. :</subfield>
			<subfield code='b'>ports. ;</subfield>
			<subfield code='c'>23 cm.</subfield>
		</datafield>
		<datafield ind1=' ' ind2=' ' tag='500'>
			<subfield code='a'>Paper wrappers.</subfield>
		</datafield>
		<datafield ind1='1' ind2='0' tag='600'>
			<subfield code='a'>Boyd, Malcolm,</subfield>
			<subfield code='d'>1923-</subfield>
		</datafield>
		<datafield ind1=' ' ind2='0' tag='650'>
			<subfield code='a'>Gay men</subfield>
			<subfield code='z'>United States</subfield>
			<subfield code='x'>Biography.</subfield>
		</datafield>
		<datafield ind1=' ' ind2='0' tag='650'>
			<subfield code='a'>Homosexuality</subfield>
			<subfield code='z'>United States.</subfield>
		</datafield>
		<datafield ind1='2' ind2=' ' tag='710'>
			<subfield code='a'>Gay Sunshine Press,</subfield>
			<subfield code='e'>publisher.</subfield>
		</datafield>
		<datafield ind1='0' ind2=' ' tag='852'>
			<subfield code='8'>2288650580003811</subfield>
			<subfield code='b'>SCRC</subfield>
			<subfield code='c'>rarestacks</subfield>
			<subfield code='h'>HQ75.8.B68A34</subfield>
		</datafield>
		<datafield ind1=' ' ind2=' ' tag='902'>
			<subfield code='a'>160318</subfield>
		</datafield>
		<datafield ind1=' ' ind2=' ' tag='907'>
			<subfield code='a'>.b12518025</subfield>
			<subfield code='b'>s    </subfield>
			<subfield code='c'>-</subfield>
		</datafield>
		<datafield ind1=' ' ind2=' ' tag='935'>
			<subfield code='a'>00268873</subfield>
		</datafield>
		<datafield ind1=' ' ind2=' ' tag='945'>
			<subfield code='l'>sccc </subfield>
			<subfield code='g'>1</subfield>
		</datafield>
		<datafield ind1=' ' ind2=' ' tag='950'>
			<subfield code='l'>CCC</subfield>
			<subfield code='i'>10/03/83 C</subfield>
		</datafield>
		<datafield ind1=' ' ind2=' ' tag='955'>
			<subfield code='l'>CCC</subfield>
			<subfield code='i'>10/03/83 C</subfield>
		</datafield>
		<datafield ind1=' ' ind2=' ' tag='998'>
			<subfield code='b'>1</subfield>
			<subfield code='c'>990101</subfield>
			<subfield code='d'>m</subfield>
			<subfield code='e'>a</subfield>
			<subfield code='f'>-</subfield>
			<subfield code='g'>0</subfield>
		</datafield>
		<datafield ind1=' ' ind2=' ' tag='998'>
			<subfield code='a'>10/03/83</subfield>
			<subfield code='t'>c</subfield>
			<subfield code='s'>9110</subfield>
			<subfield code='n'>PPT</subfield>
			<subfield code='w'>NYPG81B2715</subfield>
			<subfield code='d'>10/03/83</subfield>
			<subfield code='c'>GK</subfield>
			<subfield code='b'>JF</subfield>
			<subfield code='i'>831003</subfield>
			<subfield code='l'>PATG</subfield>
		</datafield>
		<datafield tag='HLD' >
		</datafield>
	</record>