
	<record>
		<leader>00876cam a2200253 a 4500</leader>
		<controlfield tag='001'>991012137549703811</controlfield>
		<controlfield tag='005'>20060209062910.0</controlfield>
		<controlfield tag='008'>051114s2005    enk      b    001 0 eng d</controlfield>
		<datafield ind1=' ' ind2=' ' tag='020'>
			<subfield code='a'>1843840650</subfield>
		</datafield>
		<datafield ind1=' ' ind2=' ' tag='035'>
			<subfield code='a'>(PPT)b29726517-01tuli_inst</subfield>
		</datafield>
		<datafield ind1=' ' ind2=' ' tag='035'>
			<subfield code='a'>ocn490866119</subfield>
			<subfield code='9'>ExL</subfield>
		</datafield>
		<datafield ind1=' ' ind2=' ' tag='035'>
			<subfield code='a'>PPTb29726517</subfield>
		</datafield>
		<datafield ind1=' ' ind2=' ' tag='040'>
			<subfield code='a'>EQO</subfield>
			<subfield code='c'>EQO</subfield>
			<subfield code='d'>BAKER</subfield>
			<subfield code='d'>PU</subfield>
			<subfield code='d'>PPT</subfield>
		</datafield>
		<datafield ind1=' ' ind2=' ' tag='079'>
			<subfield code='a'>ocm62274862</subfield>
		</datafield>
		<datafield ind1=' ' ind2=' ' tag='090'>
			<subfield code='a'>PR353</subfield>
			<subfield code='b'>.D863x 2005</subfield>
		</datafield>
		<datafield ind1='1' ind2=' ' tag='100'>
			<subfield code='a'>Duncan, Thomas G.</subfield>
			<subfield code='q'>(Thomas Gibson)</subfield>
		</datafield>
		<datafield ind1='1' ind2='2' tag='245'>
			<subfield code='a'>A companion to the Middle English lyric /</subfield>
			<subfield code='c'>edited by Thomas G. Duncan.</subfield>
		</datafield>
		<datafield ind1=' ' ind2=' ' tag='260'>
			<subfield code='a'>Woodbridge ;</subfield>
			<subfield code='a'>Rochester, NY :</subfield>
			<subfield code='b'>Brewer,</subfield>
			<subfield code='c'>2005.</subfield>
		</datafield>
		<datafield ind1=' ' ind2=' ' tag='300'>
			<subfield code='a'>xxv, 302 p. ;</subfield>
			<subfield code='c'>24 cm.</subfield>
		</datafield>
		<datafield ind1=' ' ind2=' ' tag='504'>
			<subfield code='a'>Includes bibliographical references (p. [263]-286) and indexes.</subfield>
		</datafield>
		<datafield ind1=' ' ind2='0' tag='650'>
			<subfield code='a'>English poetry</subfield>
			<subfield code='y'>Middle English, 1100-1500</subfield>
			<subfield code='x'>History and criticism</subfield>
			<subfield code='v'>Handbooks, manuals, etc.</subfield>
		</datafield>
		<datafield ind1=' ' ind2=' ' tag='902'>
			<subfield code='a'>120224</subfield>
		</datafield>
		<datafield ind1=' ' ind2=' ' tag='907'>
			<subfield code='a'>.b29726517</subfield>
			<subfield code='b'>p    </subfield>
			<subfield code='c'>-</subfield>
		</datafield>
		<datafield ind1=' ' ind2=' ' tag='945'>
			<subfield code='l'>pstk </subfield>
			<subfield code='g'>1</subfield>
		</datafield>
		<datafield ind1=' ' ind2=' ' tag='998'>
			<subfield code='b'>0</subfield>
			<subfield code='c'>060209</subfield>
			<subfield code='d'>m</subfield>
			<subfield code='e'>a</subfield>
			<subfield code='f'>-</subfield>
			<subfield code='g'>2</subfield>
		</datafield>
		<datafield ind1=' ' ind2=' ' tag='998'>
			<subfield code='a'>02/09/06</subfield>
			<subfield code='s'>RLIN</subfield>
			<subfield code='c'>MW</subfield>
		</datafield>
		<datafield tag='HLD' >
		</datafield>
	</record>