
	<record>
		<leader>00908cam a2200289 a 4500</leader>
		<controlfield tag='001'>991012137309703811</controlfield>
		<controlfield tag='005'>20060207085016.0</controlfield>
		<controlfield tag='008'>040422s2004    gw a     b    001 0 eng  </controlfield>
		<datafield ind1=' ' ind2=' ' tag='020'>
			<subfield code='a'>3540210520</subfield>
		</datafield>
		<datafield ind1=' ' ind2=' ' tag='035'>
			<subfield code='a'>(PPT)b29726463-01tuli_inst</subfield>
		</datafield>
		<datafield ind1=' ' ind2=' ' tag='035'>
			<subfield code='a'>(CStRLIN)ocn490866087</subfield>
			<subfield code='9'>ExL</subfield>
		</datafield>
		<datafield ind1=' ' ind2=' ' tag='035'>
			<subfield code='a'>PPTb29726463</subfield>
		</datafield>
		<datafield ind1=' ' ind2=' ' tag='040'>
			<subfield code='a'>UKM</subfield>
			<subfield code='c'>UKM</subfield>
			<subfield code='d'>BAKER</subfield>
			<subfield code='d'>OHX</subfield>
			<subfield code='d'>PPT</subfield>
		</datafield>
		<datafield ind1=' ' ind2=' ' tag='079'>
			<subfield code='a'>ocm56458590</subfield>
		</datafield>
		<datafield ind1=' ' ind2=' ' tag='090'>
			<subfield code='a'>QC174.4</subfield>
			<subfield code='b'>A584x 2006</subfield>
		</datafield>
		<datafield ind1='1' ind2=' ' tag='100'>
			<subfield code='a'>Akulin, V. M.</subfield>
			<subfield code='q'>(Vladimir M.),</subfield>
			<subfield code='d'>1953-</subfield>
		</datafield>
		<datafield ind1='1' ind2='0' tag='245'>
			<subfield code='a'>Coherent dynamics of complex quantum systems /</subfield>
			<subfield code='c'>Vladimir M. Akulin.</subfield>
		</datafield>
		<datafield ind1=' ' ind2=' ' tag='260'>
			<subfield code='a'>Berlin ;</subfield>
			<subfield code='a'>New York :</subfield>
			<subfield code='b'>Springer,</subfield>
			<subfield code='c'>2006.</subfield>
		</datafield>
		<datafield ind1=' ' ind2=' ' tag='300'>
			<subfield code='a'>x, 471 p. :</subfield>
			<subfield code='b'>ill. ;</subfield>
			<subfield code='c'>24 cm.</subfield>
		</datafield>
		<datafield ind1=' ' ind2='0' tag='440'>
			<subfield code='a'>Texts and monographs in physics.</subfield>
		</datafield>
		<datafield ind1=' ' ind2=' ' tag='500'>
			<subfield code='a'>&quot;With 140 figures.&quot;</subfield>
		</datafield>
		<datafield ind1=' ' ind2=' ' tag='504'>
			<subfield code='a'>Includes bibliographical references (p. [459]-466) and index.</subfield>
		</datafield>
		<datafield ind1=' ' ind2='0' tag='650'>
			<subfield code='a'>Quantum statistics.</subfield>
		</datafield>
		<datafield ind1=' ' ind2=' ' tag='902'>
			<subfield code='a'>110512</subfield>
		</datafield>
		<datafield ind1=' ' ind2=' ' tag='907'>
			<subfield code='a'>.b29726463</subfield>
			<subfield code='b'>p    </subfield>
			<subfield code='c'>-</subfield>
		</datafield>
		<datafield ind1=' ' ind2=' ' tag='945'>
			<subfield code='l'>pstk </subfield>
			<subfield code='g'>1</subfield>
		</datafield>
		<datafield ind1=' ' ind2=' ' tag='998'>
			<subfield code='b'>0</subfield>
			<subfield code='c'>060207</subfield>
			<subfield code='d'>m</subfield>
			<subfield code='e'>a</subfield>
			<subfield code='f'>-</subfield>
			<subfield code='g'>0</subfield>
		</datafield>
		<datafield ind1=' ' ind2=' ' tag='998'>
			<subfield code='a'>02/07/06</subfield>
			<subfield code='s'>RLIN</subfield>
			<subfield code='c'>MW</subfield>
		</datafield>
		<datafield tag='HLD' >
		</datafield>
	</record>