
	<record>
		<leader>01155cam a2200337 a 4500</leader>
		<controlfield tag='001'>991012131189703811</controlfield>
		<controlfield tag='005'>20060109094519.0</controlfield>
		<controlfield tag='008'>021227s2003    ctua     b    001 0 eng  </controlfield>
		<datafield ind1=' ' ind2=' ' tag='010'>
			<subfield code='a'>2002156629</subfield>
		</datafield>
		<datafield ind1=' ' ind2=' ' tag='020'>
			<subfield code='a'>0300099835 (cloth : alk. paper)</subfield>
		</datafield>
		<datafield ind1=' ' ind2=' ' tag='035'>
			<subfield code='a'>(PPT)b29725264-01tuli_inst</subfield>
		</datafield>
		<datafield ind1=' ' ind2=' ' tag='035'>
			<subfield code='a'>ocn490865475</subfield>
			<subfield code='9'>ExL</subfield>
		</datafield>
		<datafield ind1=' ' ind2=' ' tag='035'>
			<subfield code='a'>PPTb29725264</subfield>
		</datafield>
		<datafield ind1=' ' ind2=' ' tag='040'>
			<subfield code='a'>DLC</subfield>
			<subfield code='c'>DLC</subfield>
			<subfield code='d'>C#P</subfield>
			<subfield code='d'>OCLCQ</subfield>
			<subfield code='d'>EYM</subfield>
		</datafield>
		<datafield ind1=' ' ind2=' ' tag='042'>
			<subfield code='a'>pcc</subfield>
		</datafield>
		<datafield ind1=' ' ind2=' ' tag='079'>
			<subfield code='a'>ocm51477874</subfield>
		</datafield>
		<datafield ind1=' ' ind2=' ' tag='090'>
			<subfield code='a'>QL737.P96</subfield>
			<subfield code='b'>R855 2003</subfield>
		</datafield>
		<datafield ind1='1' ind2=' ' tag='100'>
			<subfield code='a'>Rumbaugh, Duane M.,</subfield>
			<subfield code='d'>1929-</subfield>
		</datafield>
		<datafield ind1='1' ind2='0' tag='245'>
			<subfield code='a'>Intelligence of apes and other rational beings /</subfield>
			<subfield code='c'>Duane M. Rumbaugh and David A. Washburn.</subfield>
		</datafield>
		<datafield ind1=' ' ind2=' ' tag='260'>
			<subfield code='a'>New Haven :</subfield>
			<subfield code='b'>Yale University Press,</subfield>
			<subfield code='c'>c2003.</subfield>
		</datafield>
		<datafield ind1=' ' ind2=' ' tag='300'>
			<subfield code='a'>xvii, 326 p. :</subfield>
			<subfield code='b'>ill. ;</subfield>
			<subfield code='c'>25 cm.</subfield>
		</datafield>
		<datafield ind1=' ' ind2='0' tag='440'>
			<subfield code='a'>Current perspectives in psychology.</subfield>
		</datafield>
		<datafield ind1=' ' ind2=' ' tag='504'>
			<subfield code='a'>Includes bibliographical references (p. 291-316) and index.</subfield>
		</datafield>
		<datafield ind1=' ' ind2='0' tag='650'>
			<subfield code='a'>Apes</subfield>
			<subfield code='x'>Psychology.</subfield>
		</datafield>
		<datafield ind1=' ' ind2='0' tag='650'>
			<subfield code='a'>Animal intelligence.</subfield>
		</datafield>
		<datafield ind1=' ' ind2='0' tag='650'>
			<subfield code='a'>Psychology, Comparative.</subfield>
		</datafield>
		<datafield ind1='1' ind2=' ' tag='700'>
			<subfield code='a'>Washburn, David A.,</subfield>
			<subfield code='d'>1961-</subfield>
		</datafield>
		<datafield ind1=' ' ind2=' ' tag='902'>
			<subfield code='a'>110512</subfield>
		</datafield>
		<datafield ind1=' ' ind2=' ' tag='907'>
			<subfield code='a'>.b29725264</subfield>
			<subfield code='b'>p    </subfield>
			<subfield code='c'>-</subfield>
		</datafield>
		<datafield ind1=' ' ind2=' ' tag='945'>
			<subfield code='l'>pstk </subfield>
			<subfield code='g'>1</subfield>
		</datafield>
		<datafield ind1=' ' ind2=' ' tag='952'>
			<subfield code='a'>DCLC2002156629-B</subfield>
			<subfield code='b'>Library of Congress</subfield>
			<subfield code='h'>Core</subfield>
			<subfield code='i'>LCC</subfield>
			<subfield code='k'>DDC</subfield>
			<subfield code='n'>DLC</subfield>
			<subfield code='p'>PCC</subfield>
			<subfield code='r'>CAT</subfield>
			<subfield code='u'>20040821</subfield>
		</datafield>
		<datafield ind1=' ' ind2=' ' tag='998'>
			<subfield code='b'>0</subfield>
			<subfield code='c'>060403</subfield>
			<subfield code='d'>m</subfield>
			<subfield code='e'>a</subfield>
			<subfield code='f'>-</subfield>
			<subfield code='g'>0</subfield>
		</datafield>
		<datafield ind1=' ' ind2=' ' tag='998'>
			<subfield code='a'>04/03/06</subfield>
			<subfield code='s'>LC</subfield>
			<subfield code='c'>AT</subfield>
		</datafield>
		<datafield tag='HLD' >
		</datafield>
	</record>