
	<record>
		<leader>01819pam a22004814a 4500</leader>
		<controlfield tag='001'>991012136219703811</controlfield>
		<controlfield tag='005'>20060108153614.0</controlfield>
		<controlfield tag='008'>050223s2006    cau      b    001 0 eng  </controlfield>
		<datafield ind1=' ' ind2=' ' tag='010'>
			<subfield code='a'>2005005216</subfield>
		</datafield>
		<datafield ind1=' ' ind2=' ' tag='020'>
			<subfield code='a'>0520243625 (cloth : alk. paper)</subfield>
		</datafield>
		<datafield ind1=' ' ind2=' ' tag='035'>
			<subfield code='a'>(PPT)b2972627x-01tuli_inst</subfield>
		</datafield>
		<datafield ind1=' ' ind2=' ' tag='035'>
			<subfield code='a'>(OCoLC)ocn490865974</subfield>
			<subfield code='9'>ExL</subfield>
		</datafield>
		<datafield ind1=' ' ind2=' ' tag='035'>
			<subfield code='a'>DLCOCM57750938</subfield>
		</datafield>
		<datafield ind1=' ' ind2=' ' tag='040'>
			<subfield code='a'>DLC</subfield>
			<subfield code='c'>DLC</subfield>
			<subfield code='d'>YDX</subfield>
			<subfield code='d'>BAKER</subfield>
			<subfield code='d'>UKM</subfield>
			<subfield code='d'>C#P</subfield>
		</datafield>
		<datafield ind1=' ' ind2=' ' tag='042'>
			<subfield code='a'>pcc</subfield>
		</datafield>
		<datafield ind1=' ' ind2=' ' tag='043'>
			<subfield code='a'>e-gx---</subfield>
		</datafield>
		<datafield ind1=' ' ind2=' ' tag='079'>
			<subfield code='a'>ocm57750938</subfield>
		</datafield>
		<datafield ind1=' ' ind2=' ' tag='090'>
			<subfield code='a'>RC552.N5</subfield>
			<subfield code='b'>K54 2006</subfield>
		</datafield>
		<datafield ind1='1' ind2=' ' tag='100'>
			<subfield code='a'>Killen, Andreas.</subfield>
		</datafield>
		<datafield ind1='1' ind2='0' tag='245'>
			<subfield code='a'>Berlin electropolis :</subfield>
			<subfield code='b'>shock, nerves, and German modernity /</subfield>
			<subfield code='c'>Andreas Killen.</subfield>
		</datafield>
		<datafield ind1=' ' ind2=' ' tag='260'>
			<subfield code='a'>Berkeley :</subfield>
			<subfield code='b'>University of California Press,</subfield>
			<subfield code='c'>c2006.</subfield>
		</datafield>
		<datafield ind1=' ' ind2=' ' tag='300'>
			<subfield code='a'>viii, 295 p. ;</subfield>
			<subfield code='c'>24 cm.</subfield>
		</datafield>
		<datafield ind1=' ' ind2='0' tag='440'>
			<subfield code='a'>Weimar and now ;</subfield>
			<subfield code='v'>38.</subfield>
		</datafield>
		<datafield ind1=' ' ind2=' ' tag='504'>
			<subfield code='a'>Includes bibliographical references (p. 219-290) and index.</subfield>
		</datafield>
		<datafield ind1=' ' ind2='0' tag='650'>
			<subfield code='a'>Neurasthenia</subfield>
			<subfield code='x'>Social aspects</subfield>
			<subfield code='z'>Germany</subfield>
			<subfield code='z'>Berlin</subfield>
			<subfield code='x'>History.</subfield>
		</datafield>
		<datafield ind1=' ' ind2='0' tag='650'>
			<subfield code='a'>Mental fatigue</subfield>
			<subfield code='x'>Social aspects</subfield>
			<subfield code='z'>Germany</subfield>
			<subfield code='z'>Berlin</subfield>
			<subfield code='x'>History.</subfield>
		</datafield>
		<datafield ind1=' ' ind2='0' tag='650'>
			<subfield code='a'>Electrotherapeutics</subfield>
			<subfield code='z'>Germany</subfield>
			<subfield code='z'>Berlin</subfield>
			<subfield code='x'>History.</subfield>
		</datafield>
		<datafield ind1=' ' ind2='0' tag='650'>
			<subfield code='a'>Electrification</subfield>
			<subfield code='z'>Germany</subfield>
			<subfield code='z'>Berlin</subfield>
			<subfield code='x'>History.</subfield>
		</datafield>
		<datafield ind1=' ' ind2='0' tag='650'>
			<subfield code='a'>Industrialization</subfield>
			<subfield code='z'>Germany</subfield>
			<subfield code='z'>Berlin</subfield>
			<subfield code='x'>Psychological aspects.</subfield>
		</datafield>
		<datafield ind1=' ' ind2='0' tag='650'>
			<subfield code='a'>Social change</subfield>
			<subfield code='z'>Germany</subfield>
			<subfield code='z'>Berlin</subfield>
			<subfield code='x'>Psychological aspects.</subfield>
		</datafield>
		<datafield ind1=' ' ind2='0' tag='650'>
			<subfield code='a'>Railroads</subfield>
			<subfield code='x'>Employees</subfield>
			<subfield code='x'>Mental health</subfield>
			<subfield code='z'>Germany</subfield>
			<subfield code='z'>Berlin.</subfield>
		</datafield>
		<datafield ind1=' ' ind2='0' tag='650'>
			<subfield code='a'>Telephone operators</subfield>
			<subfield code='x'>Mental health</subfield>
			<subfield code='z'>Germany</subfield>
			<subfield code='z'>Berlin.</subfield>
		</datafield>
		<datafield ind1=' ' ind2='0' tag='650'>
			<subfield code='a'>Soldiers</subfield>
			<subfield code='x'>Mental health</subfield>
			<subfield code='z'>Germany</subfield>
			<subfield code='z'>Berlin.</subfield>
		</datafield>
		<datafield ind1=' ' ind2='0' tag='650'>
			<subfield code='a'>Psychiatry</subfield>
			<subfield code='z'>Germany</subfield>
			<subfield code='z'>Berlin</subfield>
			<subfield code='x'>History.</subfield>
		</datafield>
		<datafield ind1='4' ind2='1' tag='856'>
			<subfield code='z'>Access Table of Contents.</subfield>
			<subfield code='u'>http://www.loc.gov/catdir/toc/ecip058/2005005216.html</subfield>
		</datafield>
		<datafield ind1=' ' ind2=' ' tag='901'>
			<subfield code='a'>BNA</subfield>
		</datafield>
		<datafield ind1=' ' ind2=' ' tag='901'>
			<subfield code='a'>R5544680</subfield>
		</datafield>
		<datafield ind1=' ' ind2=' ' tag='902'>
			<subfield code='a'>110512</subfield>
		</datafield>
		<datafield ind1=' ' ind2=' ' tag='902'>
			<subfield code='a'>060108AB0701</subfield>
		</datafield>
		<datafield ind1='0' ind2='0' tag='905'>
			<subfield code='a'>Weimar and now : German cultural criticism</subfield>
			<subfield code='v'>38</subfield>
		</datafield>
		<datafield ind1=' ' ind2=' ' tag='907'>
			<subfield code='a'>.b2972627x</subfield>
			<subfield code='b'>p    </subfield>
			<subfield code='c'>-</subfield>
		</datafield>
		<datafield ind1=' ' ind2=' ' tag='945'>
			<subfield code='l'>pstk </subfield>
			<subfield code='g'>1</subfield>
		</datafield>
		<datafield ind1=' ' ind2=' ' tag='998'>
			<subfield code='b'>0</subfield>
			<subfield code='c'>060302</subfield>
			<subfield code='d'>m</subfield>
			<subfield code='e'>a</subfield>
			<subfield code='f'>-</subfield>
			<subfield code='g'>0</subfield>
		</datafield>
		<datafield ind1=' ' ind2=' ' tag='998'>
			<subfield code='b'>0</subfield>
			<subfield code='c'>060302</subfield>
			<subfield code='d'>m</subfield>
			<subfield code='e'>a</subfield>
			<subfield code='f'>-</subfield>
			<subfield code='g'>0</subfield>
		</datafield>
		<datafield tag='PRT' >
		</datafield>
	</record>