
	<record>
		<leader>00902cam a2200289   4500</leader>
		<controlfield tag='001'>991012148089703811</controlfield>
		<controlfield tag='008'>831005s1965    nyu           000 1ceng  </controlfield>
		<datafield ind1=' ' ind2=' ' tag='010'>
			<subfield code='a'>65015849</subfield>
		</datafield>
		<datafield ind1=' ' ind2=' ' tag='035'>
			<subfield code='a'>(PPT)b12521814-01tuli_inst</subfield>
		</datafield>
		<datafield ind1=' ' ind2=' ' tag='035'>
			<subfield code='a'>ocn471187933</subfield>
			<subfield code='9'>ExL</subfield>
		</datafield>
		<datafield ind1=' ' ind2=' ' tag='035'>
			<subfield code='a'>PATG83-B31747</subfield>
		</datafield>
		<datafield ind1=' ' ind2=' ' tag='040'>
			<subfield code='d'>PPT</subfield>
		</datafield>
		<datafield ind1=' ' ind2=' ' tag='079'>
			<subfield code='a'>ocm00410863</subfield>
		</datafield>
		<datafield ind1=' ' ind2=' ' tag='090'>
			<subfield code='a'>DS557.A6</subfield>
			<subfield code='b'>M6</subfield>
		</datafield>
		<datafield ind1='1' ind2=' ' tag='100'>
			<subfield code='a'>Moore, Robin,</subfield>
			<subfield code='d'>1925-2008.</subfield>
		</datafield>
		<datafield ind1='1' ind2='4' tag='245'>
			<subfield code='a'>The green berets /</subfield>
			<subfield code='c'>by Robin Moore.</subfield>
		</datafield>
		<datafield ind1=' ' ind2=' ' tag='260'>
			<subfield code='a'>New York :</subfield>
			<subfield code='b'>Crown Publishers,</subfield>
			<subfield code='c'>1965.</subfield>
		</datafield>
		<datafield ind1=' ' ind2=' ' tag='300'>
			<subfield code='a'>341 p. ;</subfield>
			<subfield code='c'>22 cm.</subfield>
		</datafield>
		<datafield ind1=' ' ind2=' ' tag='500'>
			<subfield code='a'>Personal narrative of U. S. Army Special Forces in Vietnam.</subfield>
		</datafield>
		<datafield ind1='1' ind2='0' tag='610'>
			<subfield code='a'>United States.</subfield>
			<subfield code='b'>Army.</subfield>
			<subfield code='b'>Special Forces</subfield>
			<subfield code='v'>Fiction.</subfield>
		</datafield>
		<datafield ind1=' ' ind2='0' tag='650'>
			<subfield code='a'>Vietnam War, 1961-1975</subfield>
			<subfield code='v'>Fiction.</subfield>
		</datafield>
		<datafield ind1='0' ind2=' ' tag='852'>
			<subfield code='8'>22122503970003811</subfield>
			<subfield code='b'>MAIN</subfield>
			<subfield code='c'>stacks</subfield>
			<subfield code='h'>DS557.A6</subfield>
			<subfield code='i'>M6</subfield>
		</datafield>
		<datafield ind1=' ' ind2=' ' tag='852'>
			<subfield code='8'>22122503990003811</subfield>
			<subfield code='b'>AMBLER</subfield>
			<subfield code='c'>stacks</subfield>
			<subfield code='h'>PS3563.O6 G7</subfield>
		</datafield>
		<datafield ind1=' ' ind2=' ' tag='902'>
			<subfield code='a'>141208</subfield>
		</datafield>
		<datafield ind1=' ' ind2=' ' tag='907'>
			<subfield code='a'>.b12521814</subfield>
			<subfield code='b'>multi</subfield>
			<subfield code='c'>-</subfield>
		</datafield>
		<datafield ind1=' ' ind2=' ' tag='935'>
			<subfield code='a'>00269267</subfield>
		</datafield>
		<datafield ind1=' ' ind2=' ' tag='945'>
			<subfield code='l'>astk </subfield>
			<subfield code='a'>PS3563.O6</subfield>
			<subfield code='b'>G7</subfield>
			<subfield code='g'>1</subfield>
		</datafield>
		<datafield ind1=' ' ind2=' ' tag='945'>
			<subfield code='l'>pstk </subfield>
			<subfield code='g'>1</subfield>
		</datafield>
		<datafield ind1=' ' ind2=' ' tag='950'>
			<subfield code='l'>P</subfield>
		</datafield>
		<datafield ind1=' ' ind2=' ' tag='998'>
			<subfield code='b'>2</subfield>
			<subfield code='c'>990101</subfield>
			<subfield code='d'>m</subfield>
			<subfield code='e'>a</subfield>
			<subfield code='f'>-</subfield>
			<subfield code='g'>4</subfield>
		</datafield>
		<datafield ind1=' ' ind2=' ' tag='998'>
			<subfield code='a'>07/19/84</subfield>
			<subfield code='t'>c</subfield>
			<subfield code='s'>9110</subfield>
			<subfield code='n'>PPT</subfield>
			<subfield code='w'>AZFG10177183B</subfield>
			<subfield code='d'>10/05/83</subfield>
			<subfield code='b'>XXX</subfield>
			<subfield code='i'>840719</subfield>
			<subfield code='h'>831005</subfield>
			<subfield code='l'>PATG</subfield>
		</datafield>
		<datafield tag='HLD' >
		</datafield>
	</record>