
	<record>
		<leader>01550cam a22004094a 4500</leader>
		<controlfield tag='001'>991012155949703811</controlfield>
		<controlfield tag='005'>20041112203919.0</controlfield>
		<controlfield tag='008'>020205s2003    mdu      b    001 0 eng  </controlfield>
		<datafield ind1=' ' ind2=' ' tag='010'>
			<subfield code='a'>2002001839</subfield>
		</datafield>
		<datafield ind1=' ' ind2=' ' tag='020'>
			<subfield code='a'>0801871204 (pbk.)</subfield>
		</datafield>
		<datafield ind1=' ' ind2=' ' tag='020'>
			<subfield code='a'>0801871190</subfield>
		</datafield>
		<datafield ind1=' ' ind2=' ' tag='035'>
			<subfield code='a'>(PPT)b29730211-01tuli_inst</subfield>
		</datafield>
		<datafield ind1=' ' ind2=' ' tag='035'>
			<subfield code='a'>ocn490867918</subfield>
			<subfield code='9'>ExL</subfield>
		</datafield>
		<datafield ind1=' ' ind2=' ' tag='035'>
			<subfield code='a'>PPTb29730211</subfield>
		</datafield>
		<datafield ind1=' ' ind2=' ' tag='040'>
			<subfield code='a'>DLC</subfield>
			<subfield code='c'>DLC</subfield>
			<subfield code='d'>DLC</subfield>
		</datafield>
		<datafield ind1=' ' ind2=' ' tag='042'>
			<subfield code='a'>pcc</subfield>
		</datafield>
		<datafield ind1=' ' ind2=' ' tag='043'>
			<subfield code='a'>cl-----</subfield>
		</datafield>
		<datafield ind1=' ' ind2=' ' tag='079'>
			<subfield code='a'>ocm48958586</subfield>
		</datafield>
		<datafield ind1=' ' ind2=' ' tag='090'>
			<subfield code='a'>JL966</subfield>
			<subfield code='b'>.C677 2003</subfield>
		</datafield>
		<datafield ind1='0' ind2='0' tag='245'>
			<subfield code='a'>Constructing democratic governance in Latin America /</subfield>
			<subfield code='c'>edited by Jorge I. Domínguez, Michael Shifter.</subfield>
		</datafield>
		<datafield ind1=' ' ind2=' ' tag='250'>
			<subfield code='a'>2nd ed.</subfield>
		</datafield>
		<datafield ind1=' ' ind2=' ' tag='260'>
			<subfield code='a'>Baltimore :</subfield>
			<subfield code='b'>Johns Hopkins University Press,</subfield>
			<subfield code='c'>2003.</subfield>
		</datafield>
		<datafield ind1=' ' ind2=' ' tag='300'>
			<subfield code='a'>xix, 450 p. ;</subfield>
			<subfield code='c'>23 cm.</subfield>
		</datafield>
		<datafield ind1=' ' ind2='3' tag='440'>
			<subfield code='a'>An Inter-American Dialogue book.</subfield>
		</datafield>
		<datafield ind1=' ' ind2=' ' tag='500'>
			<subfield code='a'>Rev. ed. of: Constructing democratic governance.</subfield>
		</datafield>
		<datafield ind1=' ' ind2=' ' tag='504'>
			<subfield code='a'>Includes bibliographical references (p. [383]-439) and index.</subfield>
		</datafield>
		<datafield ind1=' ' ind2='0' tag='651'>
			<subfield code='a'>Latin America</subfield>
			<subfield code='x'>Politics and government</subfield>
			<subfield code='y'>1980-</subfield>
		</datafield>
		<datafield ind1=' ' ind2='0' tag='650'>
			<subfield code='a'>Democracy</subfield>
			<subfield code='z'>Latin America.</subfield>
		</datafield>
		<datafield ind1='1' ind2=' ' tag='700'>
			<subfield code='a'>Domínguez, Jorge I.,</subfield>
			<subfield code='d'>1945-</subfield>
		</datafield>
		<datafield ind1='1' ind2=' ' tag='700'>
			<subfield code='a'>Shifter, Michael.</subfield>
		</datafield>
		<datafield ind1='0' ind2=' ' tag='730'>
			<subfield code='a'>Constructing democratic governance.</subfield>
		</datafield>
		<datafield ind1='4' ind2='2' tag='856'>
			<subfield code='z'>Access Contributor biographical information.</subfield>
			<subfield code='u'>http://www.loc.gov/catdir/bios/jhu051/2002001839.html</subfield>
		</datafield>
		<datafield ind1='4' ind2='1' tag='856'>
			<subfield code='z'>Access Table of contents.</subfield>
			<subfield code='u'>http://www.loc.gov/catdir/toc/jhu051/2002001839.html</subfield>
		</datafield>
		<datafield ind1='4' ind2='2' tag='856'>
			<subfield code='z'>Access description provided by publisher.</subfield>
			<subfield code='u'>http://www.loc.gov/catdir/description/jhu051/2002001839.html</subfield>
		</datafield>
		<datafield ind1=' ' ind2=' ' tag='902'>
			<subfield code='a'>160106</subfield>
		</datafield>
		<datafield ind1=' ' ind2=' ' tag='907'>
			<subfield code='a'>.b29730211</subfield>
			<subfield code='b'>p    </subfield>
			<subfield code='c'>-</subfield>
		</datafield>
		<datafield ind1=' ' ind2=' ' tag='945'>
			<subfield code='l'>pstk </subfield>
			<subfield code='g'>1</subfield>
		</datafield>
		<datafield ind1=' ' ind2=' ' tag='998'>
			<subfield code='b'>0</subfield>
			<subfield code='c'>060316</subfield>
			<subfield code='d'>m</subfield>
			<subfield code='e'>a</subfield>
			<subfield code='f'>-</subfield>
			<subfield code='g'>0</subfield>
		</datafield>
		<datafield ind1=' ' ind2=' ' tag='998'>
			<subfield code='a'>03/16/06</subfield>
			<subfield code='s'>LC</subfield>
			<subfield code='c'>AT</subfield>
		</datafield>
		<datafield tag='PRT' >
		</datafield>
	</record>