
	<record>
		<leader>01526nam a2200385Ii 4500</leader>
		<controlfield tag='001'>991012163279703811</controlfield>
		<controlfield tag='005'>20160412090312.0</controlfield>
		<controlfield tag='008'>160411s2016    caua     b    000 0 eng d</controlfield>
		<datafield ind1=' ' ind2=' ' tag='020'>
			<subfield code='a'>9780520288478</subfield>
		</datafield>
		<datafield ind1=' ' ind2=' ' tag='020'>
			<subfield code='a'>0520288475</subfield>
		</datafield>
		<datafield ind1=' ' ind2=' ' tag='035'>
			<subfield code='a'>(PPT)b61298086-01tuli_inst</subfield>
		</datafield>
		<datafield ind1=' ' ind2=' ' tag='035'>
			<subfield code='a'>(OCoLC)946311726</subfield>
		</datafield>
		<datafield ind1=' ' ind2=' ' tag='040'>
			<subfield code='a'>VPI</subfield>
			<subfield code='c'>VPI</subfield>
		</datafield>
		<datafield ind1=' ' ind2=' ' tag='079'>
			<subfield code='a'>ocn946311726</subfield>
		</datafield>
		<datafield ind1=' ' ind2=' ' tag='090'>
			<subfield code='a'>NA1502</subfield>
			<subfield code='b'>.P85 2016</subfield>
		</datafield>
		<datafield ind1='0' ind2='0' tag='245'>
			<subfield code='a'>Puja and piety :</subfield>
			<subfield code='b'>Hindu, Jain, and Buddhist art from the Indian subcontinent /</subfield>
			<subfield code='c'>edited by Pratapaditya Pal ; with essays by Pratapaditya Pal, Stephen P. Huyler, John E. Cort, Christian Luczanits.</subfield>
		</datafield>
		<datafield ind1='3' ind2='0' tag='246'>
			<subfield code='a'>Hindu, Jain, and Buddhist art from the Indian subcontinent</subfield>
		</datafield>
		<datafield ind1=' ' ind2='0' tag='264'>
			<subfield code='a'>Santa Barbara, California :</subfield>
			<subfield code='b'>Santa Barbara Museum of Art,</subfield>
			<subfield code='c'>2016.</subfield>
		</datafield>
		<datafield ind1=' ' ind2='4' tag='264'>
			<subfield code='c'>©2016</subfield>
		</datafield>
		<datafield ind1=' ' ind2=' ' tag='300'>
			<subfield code='a'>239 pages :</subfield>
			<subfield code='b'>illustrations ;</subfield>
			<subfield code='c'>31 cm</subfield>
		</datafield>
		<datafield ind1=' ' ind2=' ' tag='336'>
			<subfield code='a'>text</subfield>
			<subfield code='b'>txt</subfield>
			<subfield code='2'>rdacontent</subfield>
		</datafield>
		<datafield ind1=' ' ind2=' ' tag='337'>
			<subfield code='a'>unmediated</subfield>
			<subfield code='b'>n</subfield>
			<subfield code='2'>rdamedia</subfield>
		</datafield>
		<datafield ind1=' ' ind2=' ' tag='338'>
			<subfield code='a'>volume</subfield>
			<subfield code='b'>nc</subfield>
			<subfield code='2'>rdacarrier</subfield>
		</datafield>
		<datafield ind1=' ' ind2=' ' tag='500'>
			<subfield code='a'>Accompanies the exhibition presented at the Santa Barbara Museum of Art, Santa Barbara, California, April 17-July 31, 2016.</subfield>
		</datafield>
		<datafield ind1=' ' ind2=' ' tag='504'>
			<subfield code='a'>Includes bibliographical references.</subfield>
		</datafield>
		<datafield ind1=' ' ind2='0' tag='650'>
			<subfield code='a'>Art, South Asian</subfield>
			<subfield code='v'>Exhibitions.</subfield>
		</datafield>
		<datafield ind1='1' ind2=' ' tag='700'>
			<subfield code='a'>Pal, Pratapaditya,</subfield>
			<subfield code='e'>editor,</subfield>
			<subfield code='e'>contributor.</subfield>
		</datafield>
		<datafield ind1='1' ind2=' ' tag='700'>
			<subfield code='a'>Huyler, Stephen P.,</subfield>
			<subfield code='d'>1951-</subfield>
			<subfield code='e'>contributor.</subfield>
		</datafield>
		<datafield ind1='1' ind2=' ' tag='700'>
			<subfield code='a'>Cort, John E.,</subfield>
			<subfield code='d'>1953-</subfield>
			<subfield code='e'>contributor.</subfield>
		</datafield>
		<datafield ind1='1' ind2=' ' tag='700'>
			<subfield code='a'>Luczanits, Christian,</subfield>
			<subfield code='e'>contributor.</subfield>
		</datafield>
		<datafield ind1='2' ind2=' ' tag='710'>
			<subfield code='a'>Santa Barbara Museum of Art.</subfield>
		</datafield>
		<datafield ind1='0' ind2=' ' tag='852'>
			<subfield code='8'>22118243970003811</subfield>
			<subfield code='b'>MAIN</subfield>
			<subfield code='c'>stacks</subfield>
			<subfield code='h'>NA1502</subfield>
			<subfield code='i'>.P85 2016</subfield>
		</datafield>
		<datafield ind1=' ' ind2=' ' tag='902'>
			<subfield code='a'>161205</subfield>
		</datafield>
		<datafield ind1=' ' ind2=' ' tag='907'>
			<subfield code='a'>.b61298086</subfield>
			<subfield code='b'>p    </subfield>
			<subfield code='c'>-</subfield>
		</datafield>
		<datafield ind1=' ' ind2=' ' tag='945'>
			<subfield code='l'>pstk </subfield>
			<subfield code='g'>1</subfield>
		</datafield>
		<datafield ind1=' ' ind2=' ' tag='998'>
			<subfield code='b'>0</subfield>
			<subfield code='c'>160412</subfield>
			<subfield code='d'>m</subfield>
			<subfield code='e'>a</subfield>
			<subfield code='f'>-</subfield>
			<subfield code='g'>0</subfield>
		</datafield>
		<datafield ind1=' ' ind2=' ' tag='998'>
			<subfield code='a'>04/12/16</subfield>
			<subfield code='s'>OCLC</subfield>
			<subfield code='c'>YL</subfield>
		</datafield>
		<datafield tag='HLD' >
		</datafield>
	</record>