
	<record>
		<leader>01807nam a2200421 a 4500</leader>
		<controlfield tag='001'>991012160459703811</controlfield>
		<controlfield tag='005'>20051125125050.0</controlfield>
		<controlfield tag='008'>051125s2005    dcu      l   f000 0 eng c</controlfield>
		<datafield ind1=' ' ind2=' ' tag='020'>
			<subfield code='c'>$2.25</subfield>
		</datafield>
		<datafield ind1=' ' ind2=' ' tag='035'>
			<subfield code='a'>(PPT)b29731112-01tuli_inst</subfield>
		</datafield>
		<datafield ind1=' ' ind2=' ' tag='035'>
			<subfield code='a'>(OCoLC)ocm62338497 </subfield>
			<subfield code='9'>ExL</subfield>
		</datafield>
		<datafield ind1=' ' ind2=' ' tag='037'>
			<subfield code='a'>869-055-00052-2</subfield>
			<subfield code='b'>GPO</subfield>
		</datafield>
		<datafield ind1=' ' ind2=' ' tag='040'>
			<subfield code='a'>GPO</subfield>
			<subfield code='c'>GPO</subfield>
			<subfield code='d'>MvI</subfield>
		</datafield>
		<datafield ind1=' ' ind2=' ' tag='042'>
			<subfield code='a'>pcc</subfield>
		</datafield>
		<datafield ind1=' ' ind2=' ' tag='043'>
			<subfield code='a'>n-us---</subfield>
		</datafield>
		<datafield ind1=' ' ind2=' ' tag='074'>
			<subfield code='a'>0575</subfield>
		</datafield>
		<datafield ind1=' ' ind2=' ' tag='074'>
			<subfield code='a'>0575 (online)</subfield>
		</datafield>
		<datafield ind1=' ' ind2=' ' tag='086'>
			<subfield code='a'>AE 2.110:109-52</subfield>
		</datafield>
		<datafield ind1='0' ind2=' ' tag='086'>
			<subfield code='a'>AE 2.110:109-52</subfield>
		</datafield>
		<datafield ind1=' ' ind2=' ' tag='088'>
			<subfield code='a'>Public Law 109-52</subfield>
		</datafield>
		<datafield ind1='1' ind2=' ' tag='110'>
			<subfield code='a'>United States.</subfield>
		</datafield>
		<datafield ind1='1' ind2='3' tag='245'>
			<subfield code='a'>An Act to Designate the Facility of the United States Postal Service Located at 1560 Union Valley Road in West Milford, New Jersey,  as the &quot;Brian P. Parrello Post Office Building.&quot;</subfield>
		</datafield>
		<datafield ind1=' ' ind2=' ' tag='260'>
			<subfield code='a'>[Washington, D.C. :</subfield>
			<subfield code='b'>U.S. G.P.O. :</subfield>
			<subfield code='b'>Supt. of Docs., U.S. G.P.O., distributor,</subfield>
			<subfield code='c'>2005]</subfield>
		</datafield>
		<datafield ind1=' ' ind2=' ' tag='300'>
			<subfield code='a'>[1] leaf  ;</subfield>
			<subfield code='c'>24 cm.</subfield>
		</datafield>
		<datafield ind1=' ' ind2=' ' tag='500'>
			<subfield code='a'>Caption title.</subfield>
		</datafield>
		<datafield ind1=' ' ind2=' ' tag='500'>
			<subfield code='a'>Shipping list no.: 2005-0013-P.</subfield>
		</datafield>
		<datafield ind1=' ' ind2=' ' tag='500'>
			<subfield code='a'>&quot;Aug. 2, 2005, (S. 904).&quot;</subfield>
		</datafield>
		<datafield ind1=' ' ind2=' ' tag='500'>
			<subfield code='a'>&quot;119 Stat. 461.&quot;</subfield>
		</datafield>
		<datafield ind1=' ' ind2=' ' tag='500'>
			<subfield code='a'>&quot;Public Law 109-52.&quot;</subfield>
		</datafield>
		<datafield ind1=' ' ind2=' ' tag='530'>
			<subfield code='a'>Also available via Internet from the GPO Access web site. Addresses as of 11/25/05: http://frwebgate.access.gpo.gov/cgi-bin/getdoc.cgi?dbname=109%5Fcong%5Fpublic%5Flaws&amp;docid=f:publ052.109 (text version), http://frwebgate.access.gpo.gov/cgi-bin/getdoc.cgi?dbname=109%5Fcong%5Fpublic%5Flaws&amp;docid=f:publ052.109.pdf (PDF version); current access is available via PURLs.</subfield>
		</datafield>
		<datafield ind1='2' ind2='0' tag='610'>
			<subfield code='a'>Brian P. Parrello Post Office Building (West Milford, N.J.)</subfield>
		</datafield>
		<datafield ind1=' ' ind2='0' tag='650'>
			<subfield code='a'>Post office buildings</subfield>
			<subfield code='z'>New Jersey</subfield>
			<subfield code='z'>Wesy Milford.</subfield>
		</datafield>
		<datafield ind1='4' ind2='1' tag='856'>
			<subfield code='3'>Text version:</subfield>
			<subfield code='u'>http://purl.access.gpo.gov/GPO/LPS64944</subfield>
		</datafield>
		<datafield ind1='4' ind2='1' tag='856'>
			<subfield code='3'>PDF version:</subfield>
			<subfield code='u'>http://purl.access.gpo.gov/GPO/LPS64945</subfield>
		</datafield>
		<datafield ind1=' ' ind2=' ' tag='902'>
			<subfield code='a'>140917</subfield>
		</datafield>
		<datafield ind1=' ' ind2=' ' tag='907'>
			<subfield code='a'>.b29731112</subfield>
			<subfield code='b'>gweb </subfield>
			<subfield code='c'>-</subfield>
		</datafield>
		<datafield ind1=' ' ind2=' ' tag='935'>
			<subfield code='a'>ocm62338497</subfield>
		</datafield>
		<datafield ind1=' ' ind2=' ' tag='945'>
			<subfield code='l'>gweb </subfield>
			<subfield code='g'>1</subfield>
		</datafield>
		<datafield ind1=' ' ind2=' ' tag='998'>
			<subfield code='b'>1</subfield>
			<subfield code='c'>050114</subfield>
			<subfield code='d'>m</subfield>
			<subfield code='e'>m</subfield>
			<subfield code='f'>-</subfield>
			<subfield code='g'>3</subfield>
		</datafield>
		<datafield tag='PRT' >
		</datafield>
	</record>