
	<record>
		<leader>01108cam a22003130  4500</leader>
		<controlfield tag='001'>991012160289703811</controlfield>
		<controlfield tag='007'>hdrafb---baca</controlfield>
		<controlfield tag='008'>830922s1967    xx      ab    00 10 eng d</controlfield>
		<datafield ind1=' ' ind2=' ' tag='035'>
			<subfield code='a'>(PPT)b12524323-01tuli_inst</subfield>
		</datafield>
		<datafield ind1=' ' ind2=' ' tag='035'>
			<subfield code='a'>ocn471188198</subfield>
			<subfield code='9'>ExL</subfield>
		</datafield>
		<datafield ind1=' ' ind2=' ' tag='035'>
			<subfield code='a'>PATG83-B29970</subfield>
		</datafield>
		<datafield ind1=' ' ind2=' ' tag='040'>
			<subfield code='a'>PPT</subfield>
			<subfield code='c'>PPT</subfield>
		</datafield>
		<datafield ind1=' ' ind2=' ' tag='079'>
			<subfield code='a'>ocn145895375</subfield>
		</datafield>
		<datafield ind1=' ' ind2=' ' tag='099'>
			<subfield code='a'>Micro- film 3174</subfield>
		</datafield>
		<datafield ind1='1' ind2='0' tag='100'>
			<subfield code='a'>Dupuy, Harold James.</subfield>
		</datafield>
		<datafield ind1='1' ind2='2' tag='245'>
			<subfield code='a'>A theoretical formulation and test of effects of achievement and incentive motivation on incidental learning</subfield>
			<subfield code='h'>[microform] /</subfield>
			<subfield code='c'>by Harold James Dupuy.</subfield>
		</datafield>
		<datafield ind1=' ' ind2=' ' tag='260'>
			<subfield code='a'>[S.l. :</subfield>
			<subfield code='b'>s.n.],</subfield>
			<subfield code='c'>1967.</subfield>
		</datafield>
		<datafield ind1=' ' ind2=' ' tag='300'>
			<subfield code='a'>109 leaves.</subfield>
		</datafield>
		<datafield ind1=' ' ind2=' ' tag='502'>
			<subfield code='a'>Thesis (Ph.D.)--George Washington University, 1967.</subfield>
		</datafield>
		<datafield ind1=' ' ind2=' ' tag='504'>
			<subfield code='a'>Includes bibliography.</subfield>
		</datafield>
		<datafield ind1=' ' ind2=' ' tag='533'>
			<subfield code='a'>Microfilm.</subfield>
			<subfield code='b'>Ann Arbor, Mich.</subfield>
			<subfield code='c'>University Microfilms,</subfield>
			<subfield code='d'>1967.</subfield>
			<subfield code='e'>l microfilm reel ; 35 mm.</subfield>
		</datafield>
		<datafield ind1=' ' ind2='0' tag='650'>
			<subfield code='a'>Learning, Psychology of.</subfield>
		</datafield>
		<datafield ind1=' ' ind2='0' tag='650'>
			<subfield code='a'>Motivation in education.</subfield>
		</datafield>
		<datafield ind1=' ' ind2=' ' tag='852'>
			<subfield code='8'>22123691190003811</subfield>
			<subfield code='b'>MAIN</subfield>
			<subfield code='c'>micro</subfield>
			<subfield code='h'>Micro- film 3174</subfield>
		</datafield>
		<datafield ind1=' ' ind2=' ' tag='902'>
			<subfield code='a'>151015</subfield>
		</datafield>
		<datafield ind1=' ' ind2=' ' tag='907'>
			<subfield code='a'>.b12524323</subfield>
			<subfield code='b'>kmicr</subfield>
			<subfield code='c'>-</subfield>
		</datafield>
		<datafield ind1=' ' ind2=' ' tag='935'>
			<subfield code='a'>00269529</subfield>
		</datafield>
		<datafield ind1=' ' ind2=' ' tag='945'>
			<subfield code='l'>kmicr</subfield>
			<subfield code='g'>1</subfield>
		</datafield>
		<datafield ind1=' ' ind2=' ' tag='950'>
			<subfield code='l'>MICRO</subfield>
			<subfield code='i'>10/06/83 C</subfield>
		</datafield>
		<datafield ind1=' ' ind2=' ' tag='955'>
			<subfield code='l'>MICRO</subfield>
			<subfield code='i'>10/06/83 C</subfield>
		</datafield>
		<datafield ind1=' ' ind2=' ' tag='998'>
			<subfield code='b'>1</subfield>
			<subfield code='c'>990101</subfield>
			<subfield code='d'>m</subfield>
			<subfield code='e'>a</subfield>
			<subfield code='f'>-</subfield>
			<subfield code='g'>2</subfield>
		</datafield>
		<datafield ind1=' ' ind2=' ' tag='998'>
			<subfield code='a'>10/06/83</subfield>
			<subfield code='t'>c</subfield>
			<subfield code='s'>9554</subfield>
			<subfield code='n'>PPT</subfield>
			<subfield code='w'>PATG83B29970</subfield>
			<subfield code='d'>09/22/83</subfield>
			<subfield code='c'>GK</subfield>
			<subfield code='b'>DF</subfield>
			<subfield code='i'>831006</subfield>
			<subfield code='l'>PATG</subfield>
		</datafield>
		<datafield tag='HLD' >
		</datafield>
	</record>