
	<record>
		<leader>01644nam a2200361Ka 4500</leader>
		<controlfield tag='001'>991012167979703811</controlfield>
		<controlfield tag='005'>20051220135230.0</controlfield>
		<controlfield tag='006'>m        d f      </controlfield>
		<controlfield tag='008'>051220s1999    cau     s    f000 0 eng d</controlfield>
		<datafield ind1=' ' ind2=' ' tag='035'>
			<subfield code='a'>(PPT)b29732633-01tuli_inst</subfield>
		</datafield>
		<datafield ind1=' ' ind2=' ' tag='035'>
			<subfield code='a'>(OCoLC)ocm62713188 </subfield>
			<subfield code='9'>ExL</subfield>
		</datafield>
		<datafield ind1=' ' ind2=' ' tag='037'>
			<subfield code='a'>NCJ-179358</subfield>
			<subfield code='b'>BJS</subfield>
		</datafield>
		<datafield ind1=' ' ind2=' ' tag='040'>
			<subfield code='a'>GPO</subfield>
			<subfield code='c'>GPO</subfield>
			<subfield code='d'>GPO</subfield>
			<subfield code='d'>MvI</subfield>
		</datafield>
		<datafield ind1=' ' ind2=' ' tag='074'>
			<subfield code='a'>0717-R-01 (online)</subfield>
		</datafield>
		<datafield ind1=' ' ind2=' ' tag='086'>
			<subfield code='a'>J 29.2:IN 8</subfield>
		</datafield>
		<datafield ind1='0' ind2=' ' tag='086'>
			<subfield code='a'>J 29.2:IN 8</subfield>
		</datafield>
		<datafield ind1='0' ind2='0' tag='245'>
			<subfield code='a'>Interstate Identification Index Name Check efficacy</subfield>
			<subfield code='h'>[electronic resource] :</subfield>
			<subfield code='b'>report of the National Task Force to the U.S. Attorney General.</subfield>
		</datafield>
		<datafield ind1=' ' ind2=' ' tag='260'>
			<subfield code='a'>Sacramento, Calif. :</subfield>
			<subfield code='b'>SEARCH ;</subfield>
			<subfield code='a'>[Washington, D.C.] :</subfield>
			<subfield code='b'>Bureau of Justice Statistics, U.S. Dept. of Justice,</subfield>
			<subfield code='c'>[1999]</subfield>
		</datafield>
		<datafield ind1=' ' ind2=' ' tag='300'>
			<subfield code='a'>1 v. :</subfield>
			<subfield code='b'>digital, PDF file.</subfield>
		</datafield>
		<datafield ind1=' ' ind2=' ' tag='538'>
			<subfield code='a'>Mode of access: Internet from the BJS web site. Address as of 12/20/05: http://www.fbi.gov/hq/cjisd/III%5Fname%5Fcheck.pdf; current access is available via PURL.</subfield>
		</datafield>
		<datafield ind1=' ' ind2=' ' tag='500'>
			<subfield code='a'>Title from title screen (viewed on Dec. 20, 2005).</subfield>
		</datafield>
		<datafield ind1=' ' ind2=' ' tag='500'>
			<subfield code='a'>&quot;This report was published by SEARCH, the National Consortium for Justice Information and Statistics, under Cooperative Agreement #95-RU-RX-K001, with the Bureau of Justice Statistics, U.S. Department of Justice.&quot;</subfield>
		</datafield>
		<datafield ind1=' ' ind2=' ' tag='500'>
			<subfield code='a'>&quot;July 1999.&quot;</subfield>
		</datafield>
		<datafield ind1=' ' ind2='0' tag='650'>
			<subfield code='a'>Crime</subfield>
			<subfield code='z'>United States</subfield>
			<subfield code='x'>Information services.</subfield>
		</datafield>
		<datafield ind1=' ' ind2='0' tag='650'>
			<subfield code='a'>Criminal statistics</subfield>
			<subfield code='z'>United States.</subfield>
		</datafield>
		<datafield ind1=' ' ind2='0' tag='650'>
			<subfield code='a'>Criminals</subfield>
			<subfield code='z'>United States</subfield>
			<subfield code='v'>Databases.</subfield>
		</datafield>
		<datafield ind1='1' ind2=' ' tag='710'>
			<subfield code='a'>United States.</subfield>
			<subfield code='b'>Bureau of Justice Statistics.</subfield>
		</datafield>
		<datafield ind1='4' ind2='0' tag='856'>
			<subfield code='u'>http://purl.access.gpo.gov/GPO/LPS65765</subfield>
		</datafield>
		<datafield ind1=' ' ind2=' ' tag='902'>
			<subfield code='a'>111007</subfield>
		</datafield>
		<datafield ind1=' ' ind2=' ' tag='902'>
			<subfield code='a'>e-resources trial</subfield>
		</datafield>
		<datafield ind1=' ' ind2=' ' tag='907'>
			<subfield code='a'>.b29732633</subfield>
			<subfield code='b'>gweb </subfield>
			<subfield code='c'>-</subfield>
		</datafield>
		<datafield ind1=' ' ind2=' ' tag='935'>
			<subfield code='a'>ocm62713188</subfield>
		</datafield>
		<datafield ind1=' ' ind2=' ' tag='945'>
			<subfield code='l'>gweb </subfield>
			<subfield code='g'>1</subfield>
		</datafield>
		<datafield ind1=' ' ind2=' ' tag='998'>
			<subfield code='b'>1</subfield>
			<subfield code='c'>050114</subfield>
			<subfield code='d'>m</subfield>
			<subfield code='e'>m</subfield>
			<subfield code='f'>-</subfield>
			<subfield code='g'>0</subfield>
		</datafield>
		<datafield tag='PRT' >
		</datafield>
	</record>