
	<record>
		<leader>01906nam a2200457 a 4500</leader>
		<controlfield tag='001'>991012166259703811</controlfield>
		<controlfield tag='005'>20051129115716.0</controlfield>
		<controlfield tag='006'>m        d f      </controlfield>
		<controlfield tag='007'>cr mn|||||||||</controlfield>
		<controlfield tag='008'>051129s2005    dcub    sb   f000 0 eng c</controlfield>
		<datafield ind1=' ' ind2=' ' tag='035'>
			<subfield code='a'>(PPT)b29732311-01tuli_inst</subfield>
		</datafield>
		<datafield ind1=' ' ind2=' ' tag='035'>
			<subfield code='a'>(OCoLC)ocm62366536 </subfield>
			<subfield code='9'>ExL</subfield>
		</datafield>
		<datafield ind1=' ' ind2=' ' tag='037'>
			<subfield code='b'>GAO (202)512-6000 (voice); (202)512-6061 (Fax); (202)512-2537 (TDD)</subfield>
			<subfield code='f'>paper copy</subfield>
		</datafield>
		<datafield ind1=' ' ind2=' ' tag='040'>
			<subfield code='a'>GPO</subfield>
			<subfield code='c'>GPO</subfield>
			<subfield code='d'>MvI</subfield>
		</datafield>
		<datafield ind1=' ' ind2=' ' tag='042'>
			<subfield code='a'>pcc</subfield>
		</datafield>
		<datafield ind1=' ' ind2=' ' tag='043'>
			<subfield code='a'>n-us---</subfield>
		</datafield>
		<datafield ind1=' ' ind2=' ' tag='074'>
			<subfield code='a'>0545-A-04 (online)</subfield>
		</datafield>
		<datafield ind1=' ' ind2=' ' tag='086'>
			<subfield code='a'>GA 1.41:GAO-05-1002 R</subfield>
		</datafield>
		<datafield ind1='0' ind2=' ' tag='086'>
			<subfield code='a'>GA 1.41:GAO-05-1002 R</subfield>
		</datafield>
		<datafield ind1=' ' ind2=' ' tag='088'>
			<subfield code='a'>GAO-05-1002 R</subfield>
		</datafield>
		<datafield ind1='1' ind2=' ' tag='100'>
			<subfield code='a'>Jones, Paul L.</subfield>
		</datafield>
		<datafield ind1='1' ind2='0' tag='245'>
			<subfield code='a'>Radiation Exposure Compensation Act</subfield>
			<subfield code='h'>[electronic resource] :</subfield>
			<subfield code='b'>program status.</subfield>
		</datafield>
		<datafield ind1=' ' ind2=' ' tag='260'>
			<subfield code='a'>Washington, DC :</subfield>
			<subfield code='b'>[U.S. Government Accountability Office,</subfield>
			<subfield code='c'>2005]</subfield>
		</datafield>
		<datafield ind1=' ' ind2=' ' tag='300'>
			<subfield code='a'>11p. :</subfield>
			<subfield code='b'>digital, PDF file.</subfield>
		</datafield>
		<datafield ind1=' ' ind2=' ' tag='538'>
			<subfield code='a'>Mode of access: Internet from GPO Access web site. Address as of 11/22/05: http://frwebgate.access.gpo.gov/cgi-bin/getdoc.cgi?dbname=gao&amp;docid=f:d051002r.pdf; current access available via PURL.</subfield>
		</datafield>
		<datafield ind1=' ' ind2=' ' tag='500'>
			<subfield code='a'>Title from title screen (viewed on Nov. 22, 2005).</subfield>
		</datafield>
		<datafield ind1=' ' ind2=' ' tag='500'>
			<subfield code='a'>&quot;September 28, 2005.&quot;</subfield>
		</datafield>
		<datafield ind1=' ' ind2=' ' tag='500'>
			<subfield code='a'>Paper version available from: U.S. Government Accountability Office, 441 G St., NW, Rm. LM, Washington, D.C. 20548.</subfield>
		</datafield>
		<datafield ind1=' ' ind2=' ' tag='504'>
			<subfield code='a'>Includes bibliographical references.</subfield>
		</datafield>
		<datafield ind1=' ' ind2=' ' tag='500'>
			<subfield code='a'>&quot;GAO-05-1002R.&quot;</subfield>
		</datafield>
		<datafield ind1='1' ind2='0' tag='610'>
			<subfield code='a'>United States.</subfield>
			<subfield code='b'>Department of Justice</subfield>
			<subfield code='v'>Rules and practice</subfield>
			<subfield code='x'>Evaluation.</subfield>
		</datafield>
		<datafield ind1='1' ind2='0' tag='610'>
			<subfield code='a'>United States.</subfield>
			<subfield code='t'>Radiation Exposure Compensation Act.</subfield>
		</datafield>
		<datafield ind1=' ' ind2='0' tag='650'>
			<subfield code='a'>Nuclear weapons testing victims</subfield>
			<subfield code='x'>Government policy</subfield>
			<subfield code='z'>United States.</subfield>
		</datafield>
		<datafield ind1=' ' ind2='0' tag='650'>
			<subfield code='a'>Radiation injuries</subfield>
			<subfield code='z'>United States</subfield>
			<subfield code='x'>Finance.</subfield>
		</datafield>
		<datafield ind1='1' ind2=' ' tag='710'>
			<subfield code='a'>United States.</subfield>
			<subfield code='b'>Government Accountability Office.</subfield>
		</datafield>
		<datafield ind1='4' ind2='0' tag='856'>
			<subfield code='u'>http://purl.access.gpo.gov/GPO/LPS64852</subfield>
		</datafield>
		<datafield ind1=' ' ind2=' ' tag='902'>
			<subfield code='a'>130322</subfield>
		</datafield>
		<datafield ind1=' ' ind2=' ' tag='902'>
			<subfield code='a'>e-resource trial</subfield>
		</datafield>
		<datafield ind1=' ' ind2=' ' tag='907'>
			<subfield code='a'>.b29732311</subfield>
			<subfield code='b'>gweb </subfield>
			<subfield code='c'>-</subfield>
		</datafield>
		<datafield ind1=' ' ind2=' ' tag='935'>
			<subfield code='a'>ocm62366536</subfield>
		</datafield>
		<datafield ind1=' ' ind2=' ' tag='945'>
			<subfield code='l'>gweb </subfield>
			<subfield code='g'>1</subfield>
		</datafield>
		<datafield ind1=' ' ind2=' ' tag='998'>
			<subfield code='b'>1</subfield>
			<subfield code='c'>050114</subfield>
			<subfield code='d'>m</subfield>
			<subfield code='e'>m</subfield>
			<subfield code='f'>-</subfield>
			<subfield code='g'>0</subfield>
		</datafield>
		<datafield tag='PRT' >
		</datafield>
	</record>