
	<record>
		<leader>01534nam a2200445 a 4500</leader>
		<controlfield tag='001'>991012169639703811</controlfield>
		<controlfield tag='005'>20000104114626.0</controlfield>
		<controlfield tag='008'>000104s1999    nyuaf    b    001 0ceng  </controlfield>
		<datafield ind1=' ' ind2=' ' tag='010'>
			<subfield code='a'>99025681</subfield>
		</datafield>
		<datafield ind1=' ' ind2=' ' tag='020'>
			<subfield code='a'>1559704802</subfield>
		</datafield>
		<datafield ind1=' ' ind2=' ' tag='035'>
			<subfield code='a'>(PPT)b21066942-01tuli_inst</subfield>
		</datafield>
		<datafield ind1=' ' ind2=' ' tag='035'>
			<subfield code='a'>(CStRLIN)ocn475734555</subfield>
			<subfield code='9'>ExL</subfield>
		</datafield>
		<datafield ind1=' ' ind2=' ' tag='035'>
			<subfield code='a'>PATG00-B87</subfield>
		</datafield>
		<datafield ind1=' ' ind2=' ' tag='040'>
			<subfield code='a'>DLC</subfield>
			<subfield code='c'>DLC</subfield>
			<subfield code='d'>DLC</subfield>
		</datafield>
		<datafield ind1=' ' ind2=' ' tag='043'>
			<subfield code='a'>n-us---</subfield>
		</datafield>
		<datafield ind1=' ' ind2=' ' tag='079'>
			<subfield code='a'>ocm41090717</subfield>
		</datafield>
		<datafield ind1=' ' ind2=' ' tag='090'>
			<subfield code='a'>E842.1</subfield>
			<subfield code='b'>.M34 1999</subfield>
		</datafield>
		<datafield ind1='1' ind2=' ' tag='100'>
			<subfield code='a'>Mahoney, Richard D.</subfield>
		</datafield>
		<datafield ind1='1' ind2='0' tag='245'>
			<subfield code='a'>Sons &amp; brothers :</subfield>
			<subfield code='b'>the days of Jack and Bobby Kennedy /</subfield>
			<subfield code='c'>Richard D. Mahoney.</subfield>
		</datafield>
		<datafield ind1='3' ind2=' ' tag='246'>
			<subfield code='a'>Sons and brothers</subfield>
		</datafield>
		<datafield ind1=' ' ind2=' ' tag='250'>
			<subfield code='a'>1st ed.</subfield>
		</datafield>
		<datafield ind1=' ' ind2=' ' tag='260'>
			<subfield code='a'>New York :</subfield>
			<subfield code='b'>Arcade Pub.,</subfield>
			<subfield code='c'>c1999.</subfield>
		</datafield>
		<datafield ind1=' ' ind2=' ' tag='300'>
			<subfield code='a'>xvii, 441 p., [16] p. of plates :</subfield>
			<subfield code='b'>ill. ;</subfield>
			<subfield code='c'>25 cm.</subfield>
		</datafield>
		<datafield ind1=' ' ind2=' ' tag='504'>
			<subfield code='a'>Includes bibliographical references (p. 379-424) and index.</subfield>
		</datafield>
		<datafield ind1='1' ind2='0' tag='600'>
			<subfield code='a'>Kennedy, John F.</subfield>
			<subfield code='q'>(John Fitzgerald),</subfield>
			<subfield code='d'>1917-1963.</subfield>
		</datafield>
		<datafield ind1='1' ind2='0' tag='600'>
			<subfield code='a'>Kennedy, Robert F.,</subfield>
			<subfield code='d'>1925-1968.</subfield>
		</datafield>
		<datafield ind1=' ' ind2='0' tag='650'>
			<subfield code='a'>Presidents</subfield>
			<subfield code='z'>United States</subfield>
			<subfield code='v'>Biography.</subfield>
		</datafield>
		<datafield ind1=' ' ind2='0' tag='650'>
			<subfield code='a'>Legislators</subfield>
			<subfield code='z'>United States</subfield>
			<subfield code='v'>Biography.</subfield>
		</datafield>
		<datafield ind1=' ' ind2='0' tag='650'>
			<subfield code='a'>Brothers</subfield>
			<subfield code='z'>United States</subfield>
			<subfield code='v'>Biography.</subfield>
		</datafield>
		<datafield ind1='1' ind2='0' tag='610'>
			<subfield code='a'>United States.</subfield>
			<subfield code='b'>Congress.</subfield>
			<subfield code='b'>Senate</subfield>
			<subfield code='v'>Biography.</subfield>
		</datafield>
		<datafield ind1=' ' ind2='0' tag='651'>
			<subfield code='a'>United States</subfield>
			<subfield code='x'>Politics and government</subfield>
			<subfield code='y'>1961-1963.</subfield>
		</datafield>
		<datafield ind1=' ' ind2='0' tag='651'>
			<subfield code='a'>United States</subfield>
			<subfield code='x'>Politics and government</subfield>
			<subfield code='y'>1963-1969.</subfield>
		</datafield>
		<datafield ind1='3' ind2='0' tag='600'>
			<subfield code='a'>Kennedy family.</subfield>
		</datafield>
		<datafield ind1='0' ind2=' ' tag='852'>
			<subfield code='8'>2278381730003811</subfield>
			<subfield code='b'>AMBLER</subfield>
			<subfield code='c'>stacks</subfield>
			<subfield code='h'>E842.1</subfield>
			<subfield code='i'>.M34 1999</subfield>
		</datafield>
		<datafield ind1='0' ind2=' ' tag='852'>
			<subfield code='8'>2278381780003811</subfield>
			<subfield code='b'>MAIN</subfield>
			<subfield code='c'>stacks</subfield>
			<subfield code='h'>E842.1</subfield>
			<subfield code='i'>.M34 1999</subfield>
		</datafield>
		<datafield ind1=' ' ind2='1' tag='901'>
			<subfield code='i'>39074014088124</subfield>
			<subfield code='l'>pstk</subfield>
			<subfield code='a'>E842.1</subfield>
			<subfield code='b'>.M34 1999</subfield>
			<subfield code='s'>-</subfield>
			<subfield code='t'>0</subfield>
			<subfield code='z'>090</subfield>
		</datafield>
		<datafield ind1=' ' ind2=' ' tag='902'>
			<subfield code='a'>110512</subfield>
		</datafield>
		<datafield ind1=' ' ind2=' ' tag='907'>
			<subfield code='a'>.b21066942</subfield>
			<subfield code='b'>multi</subfield>
			<subfield code='c'>-</subfield>
		</datafield>
		<datafield ind1=' ' ind2=' ' tag='945'>
			<subfield code='l'>astk </subfield>
			<subfield code='g'>1</subfield>
		</datafield>
		<datafield ind1=' ' ind2=' ' tag='945'>
			<subfield code='l'>pstk </subfield>
			<subfield code='g'>1</subfield>
		</datafield>
		<datafield ind1=' ' ind2=' ' tag='950'>
			<subfield code='l'>P</subfield>
		</datafield>
		<datafield ind1=' ' ind2=' ' tag='998'>
			<subfield code='b'>1</subfield>
			<subfield code='c'>000105</subfield>
			<subfield code='d'>m</subfield>
			<subfield code='e'>a</subfield>
			<subfield code='f'>-</subfield>
			<subfield code='g'>0</subfield>
		</datafield>
		<datafield ind1=' ' ind2=' ' tag='998'>
			<subfield code='a'>01/04/00</subfield>
			<subfield code='t'>c</subfield>
			<subfield code='s'>9110</subfield>
			<subfield code='l'>PATG</subfield>
			<subfield code='n'>PPT</subfield>
			<subfield code='w'>DCLC9925681B</subfield>
			<subfield code='d'>01/04/00</subfield>
			<subfield code='b'>YL</subfield>
		</datafield>
		<datafield tag='HLD' >
		</datafield>
	</record>