
	<record>
		<leader>01187cam a2200349Ia 4500</leader>
		<controlfield tag='001'>991012178669703811</controlfield>
		<controlfield tag='005'>20051129074759.0</controlfield>
		<controlfield tag='008'>970416s1997    ohu      c   f000 0 eng d</controlfield>
		<datafield ind1=' ' ind2=' ' tag='035'>
			<subfield code='a'>(PPT)b29735105-01tuli_inst</subfield>
		</datafield>
		<datafield ind1=' ' ind2=' ' tag='035'>
			<subfield code='a'>(OCoLC)ocm36750928 </subfield>
			<subfield code='9'>ExL</subfield>
		</datafield>
		<datafield ind1=' ' ind2=' ' tag='040'>
			<subfield code='a'>ASH</subfield>
			<subfield code='c'>ASH</subfield>
			<subfield code='d'>GPO</subfield>
			<subfield code='d'>MvI</subfield>
		</datafield>
		<datafield ind1=' ' ind2=' ' tag='043'>
			<subfield code='a'>n-us---</subfield>
		</datafield>
		<datafield ind1=' ' ind2=' ' tag='074'>
			<subfield code='a'>0461-D-11</subfield>
		</datafield>
		<datafield ind1=' ' ind2=' ' tag='086'>
			<subfield code='a'>ED 1.340/2:996-97/3/1</subfield>
		</datafield>
		<datafield ind1='0' ind2=' ' tag='086'>
			<subfield code='a'>ED 1.340/2:996-97/3/1</subfield>
		</datafield>
		<datafield ind1=' ' ind2=' ' tag='088'>
			<subfield code='a'>ENC 97-005</subfield>
		</datafield>
		<datafield ind1='0' ind2='0' tag='245'>
			<subfield code='a'>New approaches to assessment in science and mathematics.</subfield>
		</datafield>
		<datafield ind1=' ' ind2=' ' tag='260'>
			<subfield code='a'>[Columbus, OH] :</subfield>
			<subfield code='b'>Eisenhower National Clearinghouse,</subfield>
			<subfield code='c'>[1997?]</subfield>
		</datafield>
		<datafield ind1=' ' ind2=' ' tag='300'>
			<subfield code='a'>38 p. ;</subfield>
			<subfield code='c'>28 cm.</subfield>
		</datafield>
		<datafield ind1=' ' ind2='0' tag='440'>
			<subfield code='a'>ENC focus ;</subfield>
			<subfield code='v'>vol. 3, issue 1</subfield>
		</datafield>
		<datafield ind1=' ' ind2=' ' tag='500'>
			<subfield code='a'>Cover title.</subfield>
		</datafield>
		<datafield ind1=' ' ind2=' ' tag='500'>
			<subfield code='a'>&quot;For mathematics and science education.&quot;</subfield>
		</datafield>
		<datafield ind1=' ' ind2=' ' tag='500'>
			<subfield code='a'>Shipping list no.: 97-0125-P.</subfield>
		</datafield>
		<datafield ind1=' ' ind2=' ' tag='500'>
			<subfield code='a'>&quot;ENC 97-005&quot;--P. [4] of cover.</subfield>
		</datafield>
		<datafield ind1=' ' ind2='0' tag='650'>
			<subfield code='a'>Mathematics</subfield>
			<subfield code='x'>Study and teaching</subfield>
			<subfield code='z'>United States</subfield>
			<subfield code='v'>Catalogs.</subfield>
		</datafield>
		<datafield ind1=' ' ind2='0' tag='650'>
			<subfield code='a'>Science</subfield>
			<subfield code='x'>Study and teaching</subfield>
			<subfield code='z'>United States</subfield>
			<subfield code='v'>Catalogs.</subfield>
		</datafield>
		<datafield ind1=' ' ind2='0' tag='650'>
			<subfield code='a'>Resource programs (Education)</subfield>
			<subfield code='v'>Catalogs.</subfield>
		</datafield>
		<datafield ind1='2' ind2=' ' tag='710'>
			<subfield code='a'>Eisenhower National Clearinghouse for Mathematics and Science Education.</subfield>
		</datafield>
		<datafield ind1=' ' ind2=' ' tag='902'>
			<subfield code='a'>060110</subfield>
		</datafield>
		<datafield ind1=' ' ind2=' ' tag='907'>
			<subfield code='a'>.b29735105</subfield>
			<subfield code='b'>g    </subfield>
			<subfield code='c'>n</subfield>
		</datafield>
		<datafield ind1=' ' ind2=' ' tag='935'>
			<subfield code='a'>ocm36750928</subfield>
		</datafield>
		<datafield ind1=' ' ind2=' ' tag='945'>
			<subfield code='l'>g    </subfield>
			<subfield code='g'>1</subfield>
		</datafield>
		<datafield ind1=' ' ind2=' ' tag='998'>
			<subfield code='b'>1</subfield>
			<subfield code='c'>050115</subfield>
			<subfield code='d'>m</subfield>
			<subfield code='e'>a</subfield>
			<subfield code='f'>n</subfield>
			<subfield code='g'>0</subfield>
		</datafield>
		<datafield tag='HLD' >
		</datafield>
	</record>